3094 5292
457 459 570 508 urnis
600 459 822 508 nmnonun.
1192 449 1245 514 lli

92 619 295 685 Edelwinum
318 619 433 682 domis
455 641 524 684 sure
546 605 788 704 proculatorem
811 633 936 686 armato
954 622 1129 706 globatum,
1144 625 1250 690 milite

86 708 220 785 direxit,
249 701 375 790 Regem
405 705 569 771 Osu-iuum
589 707 814 772 Beatissimum
842 708 956 786 teneri,
981 724 1014 774 et
1034 710 1252 776 incontinenti»

89 793 176 858 ferro
193 793 347 858 transfodi
362 793 511 878 precibus
527 794 661 879 imperio
676 795 831 872 subnixis,
849 797 909 859 sub
925 797 1047 862 debitoe
1057 797 1132 862 fidei
1148 811 1245 863 attes-

88 881 212 946 tatione
238 881 405 966 praecepit.
454 881 557 969 Igitur
588 881 772 945 Edelwinus
794 882 946 946 in-manu
970 884 1046 948 furti
1073 885 1253 950 Hnmraldi·

86 969 220 1032 domum
248 968 331 1032 clam
358 968 528 1052 ingressus,
552 967 758 1033 innocentem
789 969 913 1054 Regem
939 969 1102 1035 Oswinum
1129 973 1244 1051 tenuit,

87 1056 184 1142 eique
195 1054 244 1120 sui
256 1053 378 1120 domini
390 1069 424 1120 et
435 1054 520 1144 regis
529 1055 690 1140 nephandi
707 1056 792 1120 Oswi
802 1056 944 1122 edictum
952 1058 1084 1123 exitiale
1095 1059 1246 1124 innotuit.
1290 1109 1293 1113 -

93 1142 262 1206 Preciosus
286 1163 365 1206 vero
384 1146 544 1226 agonista·
555 1142 619 1206 Dei
640 1141 778 1228 primluu
797 1165 837 1208 ex
853 1144 1006 1229 inopinati
1022 1146 1113 1210 casis
1129 1161 1250 1212 eventu

90 1230 249 1313 turbatus,
274 1229 332 1292 sed
353 1229 461 1292 statim
486 1229 604 1294 viribus
627 1229 704 1293 fidei
727 1230 948 1309 comfortatus,
971 1246 1004 1296 et
1025 1233 1042 1297 ὲ
1065 1233 1250 1298 turbatione

88 1316 350 1401 expergefactus,
370 1315 403 1379 in
423 1316 535 1380 mortis
553 1315 746 1380 imminentis
768 1318 958 1382 necessitate
976 1319 1145 1384 consilium
1160 1343 1248 1385 conr·

89 1402 266 1467 municavit
282 1425 355 1466 cum
376 1403 505 1480 virtute,
523 1417 557 1468 et
572 1403 797 1468 necessitatem
812 1405 1030 1470 inevitabilem
1047 1421 1250 1472 commutans

89 1491 124 1553 iu
141 1489 293 1554 virtutem
309 1490 531 1568 voluntariam,
550 1490 751 1574 Cristisiguo
763 1491 911 1556 muniens
921 1507 1035 1578 pectus
1047 1509 1081 1558 et
1092 1494 1250 1578 linguam,¹

89 1577 189 1640 misso
204 1576 389 1661 spiculatori
401 1578 469 1642 tale
476 1577 583 1642 fertur
591 1578 720 1641 dedisse
727 1600 924 1662 responsum.
964 1589 986 1622 ‘⁶
1001 1581 1151 1645 Edictum
1162 1582 1251 1666 regis·

91 1663 139 1727 tui
154 1664 275 1748 pendet
290 1685 331 1728 ex
351 1663 557 1749 permissione
576 1664 640 1728 Dei
661 1667 744 1748 regis
760 1665 835 1742 mei,
858 1689 917 1731 nec
930 1681 982 1730 est
993 1667 1030 1730 in
1046 1668 1249 1752 permission-

89 1751 162 1814 ibus
179 1750 294 1814 diviuis
310 1749 430 1836 aliquid
439 1751 498 1815 -vel
513 1751 666 1838 injustum
681 1752 732 1815 vel
748 1751 974 1817 inordinatum.
1023 1755 1066 1819 Et
1081 1755 1156 1819 ideo
1171 1755 1248 1820 licet

89 1837 285 1901 innocentiae
304 1837 382 1900 mihi
397 1838 479 1902 scius
494 1861 575 1916 sum,
594 1861 653 1902 nec
668 1838 799 1902 fecerim
814 1854 897 1904 teste
913 1841 1108 1906 conscientie
1122 1855 1156 1906 et
1171 1865 1248 1906 con·

87 1924 297 1988 scientiarum
312 1925 480 1990 conscia...
486 1967 568 1990 ......

89 2187 194 2252 ΟΑΡ.
208 2189 231 2250 Ι
231 2187 262 2250 V
260 2187 467 2266 ‚Qualiter
473 2205 585 2267 corpus
596 2188 778 2252 Beatissimi
793 2191 932 2269 Reyiset
950 2153 1109 2270 Martyris
1126 2191 1249 2254 Onoiui

392 2277 498 2354 quinto
513 2273 715 2337 idduMur-tii
731 2278 883 2338 invectim
897 2279 950 2338 sit.

140 2445 235 2510 Anno
259 2445 485 2510 iucarnationis
518 2445 699 2510 Dominicae
729 2447 956 2512 sescentesimo
981 2448 1247 2535 quinquagesimo

89 2531 208 2617 primo,
224 2532 382 2618 gloriosus
398 2534 583 2618 Deyrorum
603 2533 683 2598 Rex·
697 2534 854 2610 Oswiuus,
873 2534 1054 2618 proditione
1070 2536 1247 2614 mediante,¹

88 2618 201 2702 gladio
232 2619 419 2697 trucidatus,
448 2620 506 2684 sed
531 2619 944 2706 innocentia-promerente
968 2623 1010 2686 ad
1036 2623 1175 2687 cemus
1197 2637 1247 2688 est

90 2706 275 2769 translatus.
325 2707 506 2792 Statimque
531 2706 571 2771 ab
582 2731 585 2740 ·
596 2707 645 2770 his
665 2730 802 2794 quorum
818 2707 926 2771 officio
940 2708 1113 2773 discrimini
1128 2710 1245 2794 patuit,

88 2793 218 2856 delatas
238 2793 343 2856 est-ad
362 2793 478 2856 ostium
497 2791 600 2878 Tyuae
619 2793 768 2872 fluminis,
789 2795 896 2858 locum
913 2795 1063 2858 videlicet
1077 2797 1119 2859 ab
1134 2796 1246 2860 incolis

88 2879 231 2964 regionis
254 2881 297 2944 ob
320 2879 512 2944 imminentis
535 2880 622 2964 rupis
645 2881 849 2944 securitatem
865 2881 907 2945 ab
926 2881 1072 2945 hostibus
1087 2881 1246 2947 celebriira

89 2968 417 3052 frequentatum-sed
440 2969 482 3031 ob
492 2966 709 3030 ⁴reverentiam
726 2968 876 3052 gloriosae
893 2968 1018 3052 Virgini
1036 2968 1152 3032 Mariae
1167 2969 1246 3034 inibi

88 3053 271 3116 exhibitam
284 3052 424 3118 tenerius
441 3067 594 3132 amatum,
611 3053 722 3140 ibique:
735 3055 941 3139 sepultusest
956 3055 988 3118 in
1004 3055 1147 3120 oratorio
1161 3057 1247 3141 ejusa

88 3141 167 3204 dem
179 3139 318 3222 virginis,
333 3141 420 3227 qnod
433 3154 653 3206 constructum
664 3137 733 3206 erat
748 3143 790 3206 ad
803 3143 987 3229 aquilonem
1002 3143 1153 3207 fluminio
1201 3145 1245 3208 Et

88 3227 277 3314 quia-rudis
299 3227 388 3292 natio
411 3228 472 3291 illis
496 3228 705 3312 temporibus,
729 3242 763 3293 et
786 3229 847 3293 illis
871 3230 903 3292 iu
926 3229 1004 3294 locis
1023 3253 1088 3294 non
1107 3230 1244 3296 multum

89 3314 291 3379 efficiebatur
306 3315 392 3378 circa
405 3315 646 3399 sepulchrorum
658 3316 804 3403 gloriam,
813 3317 1033 3380 reverendum
1049 3338 1163 3402 corpus
1179 3341 1245 3382 sar·

87 3401 239 3486 cophago
262 3402 391 3486 lapideo
421 3401 615 3487 impositum,
639 3403 671 3466 in
697 3403 809 3467 abdito
829 3403 900 3466 sinu
924 3416 1019 3468 terroe
1041 3405 1244 3468 reconditum

88 3502 152 3552 est.
201 3489 386 3575 Habiteque
408 3503 458 3553 est
481 3489 513 3550 in
536 3509 661 3552 summo
676 3490 798 3554 honore
817 3490 919 3574 Regis
931 3489 1059 3554 illustris
1076 3494 1243 3569 memoria,

89 3575 178 3639 circa
191 3598 274 3662 quos¹
288 3576 318 3638 vi
365 3576 390 3639 it
413 3576 445 3639 in
469 3595 563 3640 carne
580 3575 729 3654 viventis,
747 3591 781 3641 et
796 3577 947 3641 diadema
961 3577 1087 3665 regium
1101 3579 1244 3666 gerentis

88 3662 284 3727 reverentia·
359 3663 500 3728 mniliare
516 3663 637 3748 quippe
647 3664 784 3752 usuique
799 3677 858 3742 est,
876 3679 912 3728 ut
927 3677 1053 3728 ametur
1068 3665 1242 3745 extinctus,

89 3749 147 3836 qui
163 3751 336 3814 amabatur
345 3751 436 3814 virus
449 3775 469 3825 3·
482 3766 653 3816 veneretur
664 3751 696 3815 in
713 3752 916 3818 mortalitatis
928 3753 1011 3816 stole
1025 3753 1242 3833 circundatus,

112 3836 148 3900 ui
177 3838 358 3902 reverentii
388 3838 566 3915 colebatur,
597 3861 691 3903 sacco
706 3851 841 3904 'nostrae
865 3839 1084 3925 corruptionis
1101 3841 1242 3906 indutusz

89 3861 199 3988 i³orro
214 3925 293 3989 fides
313 3925 410 3990 Cristi
432 3945 509 4012 quar
529 3925 571 3988 iu:
586 3926 770 4014 Deyrorum
785 3927 1020 4015 reguo’floruit,
1042 3929 1163 3992 Sancto
1181 3927 1243 3993 Osa

90 4010 176 4074 wino
190 4025 358 4095 regnante,
376 4011 617 4097 et-praesulaute
638 4015 757 4078 Sancto
772 4015 920 4100 Aydano‚
937 4015 1034 4078 versi·
1044 4015 1114 4078 vice
1129 4037 1244 4098 regum
1286 4061 1287 4066 κ

89 4111 127 4162 et
153 4099 290 4181 praesule
316 4111 422 4163 tractu
447 4099 791 4182 temporisemarcuit.
853 4101 940 4166 Nam
963 4101 1054 4184 genti
1077 4101 1242 4186 praedictae

89 4207 177 4248 nuuc
192 4185 315 4264 fideles,
338 4207 424 4250 nunc
440 4186 584 4251 infideles
606 4189 887 4273 principabantur3
910 4200 944 4252 et
954 4188 1050 4271 juxta
1064 4188 1243 4274 principum

90 4271 251 4350 instituta,
275 4273 364 4338 varia
386 4271 511 4338 divinus
535 4274 640 4337 cultus
666 4276 699 4339 iu
724 4277 941 4360 subjectarum
963 4275 1106 4360 plebium
1129 4276 1243 4342 studiis

89 4359 387 4446 sensitzdispendta.
434 4361 507 4425 Tali
527 4363 864 4428 occasionememoria
883 4363 991 4428 Sancti
1004 4363 1163 4450 Martyris
1182 4363 1244 4428 Os-

88 4445 171 4509 win'i
190 4447 358 4526 obsoleta,¹
371 4460 405 4514 et
431 4448 697 4536 penitltsd‘elata,
719 4447 863 4531 funditus
882 4450 1114 4517 abhominum.
1129 4449 1243 4516 notitii
