3132 5286
727 499 811 556 v1r1
837 497 976 555 SANU'H

410 667 554 753 Sumpsit
567 666 658 732 humi
673 673 809 752 partem,
825 665 996 732 medicine
1011 664 1093 731 sicut
1107 663 1140 730 in
1155 671 1268 749 artem,

409 755 544 822 Miscuit
558 765 592 820 et
603 753 744 840 limphis,
762 754 818 820 ubi
832 753 916 819 indit
930 753 963 818 in
978 773 1015 820 os
1035 753 1210 840 patientis:

409 843 481 908 Nec
496 863 586 908 mora
600 837 767 921 clamores,
784 849 903 921 motus,
920 843 1117 928 miserosque
1132 842 1271 922 fictores,

411 930 543 1018 Oraque
559 931 758 1015 compressit,
772 939 927 1008 mentem,
943 929 1086 1018 requiem
1110 949 1151 994 ue
1167 933 1315 1017 capessit.

410 1018 512 1083 Facto
527 1041 622 1083 mane
638 1016 768 1105 quidem
783 1017 953 1105 consurgit
967 1037 1077 1102 sospes
1093 1017 1103 1080 i
1126 1015 1225 1098 idern,

409 1105 454 1169 Et
468 1105 580 1169 melius
596 1104 709 1184 credit,
726 1115 760 1170 et
774 1105 883 1170 sanior
899 1103 973 1170 inde
989 1103 1120 1170 recedit.

408 1192 468 1256 Vir
481 1196 536 1278 pie
551 1193 728 1281 signorum,
745 1193 831 1257 vires
847 1209 957 1278 preme
973 1191 1231 1258 doemoniorum:

409 1278 508 1345 Flutis
523 1280 659 1366 impuris
674 1282 714 1345 sit
729 1280 816 1345 nulla
829 1279 960 1345 licentia
969 1279 1063 1366 juris,

412 1365 461 1431 Ut
477 1386 528 1432 me
544 1361 738 1452 discerpant,
762 1368 813 1433 vel
829 1369 862 1432 in
877 1367 990 1434 intima
1005 1367 1139 1433 crimine
1154 1375 1294 1454 serpant.

366 1691 487 1769 [CAP.
510 1687 817 1768 xum-Qualiter
845 1709 956 1770 corpus
979 1693 1081 1770 ipsius
1100 1699 1175 1771 post
1198 1691 1340 1758 undecim

573 1795 674 1842 annos
688 1782 896 1861 incomptum
910 1781 953 1840 stt
966 1777 1131 1841 inventrem.

409 1992 456 2058 Ut
467 1991 515 2056 sol
532 1989 679 2055 undenos
694 1989 830 2073 girando
846 2003 1015 2080 peregerat
1029 2012 1141 2070 annos,

408 2079 461 2143 Ex
476 2101 552 2166 quo,
569 2099 647 2162 pace
661 2075 735 2156 Dei,
753 2078 812 2142 tibi
827 2090 953 2162 tempus
969 2089 1038 2142 etet
1053 2078 1189 2164 requiei,

404 2167 449 2232 Et
463 2188 541 2231 cura
554 2165 656 2229 multa
669 2164 775 2231 fueret
788 2185 864 2230 caro
879 2173 990 2229 sancta
1004 2165 1140 2250 sepulta,
1165 2211 1167 2219 ,

404 2255 499 2319 Tunc
515 2252 628 2318 animis
643 2252 780 2318 fratrum
794 2251 844 2332 fir,
862 2253 995 2318 Christo
1005 2251 1130 2338 judice,
1145 2265 1285 2340 gratum,

408 2341 458 2407 Ut
470 2355 527 2407 tua
542 2343 583 2405 de
599 2353 686 2404 terre
697 2341 812 2406 tollent
827 2339 1028 2405 sanctissimis
1039 2341 1205 2419 membrs3

408 2429 492 2503 Quae
508 2428 629 2493 cineres
644 2428 730 2493 fecta
745 2429 882 2493 credunt
895 2427 1067 2514 putredine
1083 2441 1178 2508 tacte,

405 2517 492 2580 Haec
508 2529 545 2580 ut
560 2516 695 2580 humum
711 2535 809 2599 supro
822 2533 954 2579 servans
969 2535 1055 2581 nove
1069 2517 1201 2602 colligat
1216 2535 1299 2584 erce.

405 2601 533 2669 sedni}
548 2613 664 2666 nature
680 2603 765 2667 valet
778 2602 831 2666 hic
845 2605 1010 2688 corruptio
1025 2603 1117 2682 dura,

406 2691 514 2765 Quam
528 2689 635 2755 fueret
650 2689 732 2755 labis
748 2703 813 2754 tarn
826 2701 902 2754 sunt
918 2688 1075 2756 immunis
1089 2691 1183 2772 tabis,

404 2779 531 2866 Corpus
546 2779 640 2844 sdest
654 2791 769 2857 totum,
793 2778 839 2842 nil
853 2797 949 2843 came
966 2778 1016 2843 vel
1031 2797 1103 2844 osse
1117 2791 1290 2860 remotum,

403 2867 527 2932 Flexile
543 2867 706 2945 vincturis,
731 2865 837 2932 nervis
851 2867 1044 2951 compagine
1060 2866 1159 2947 duris,

404 2953 563 3020 Reddidit
577 2953 743 3019 inventum
757 2971 817 3019 oeu
831 2957 974 3040 suscepit
989 2965 1245 3033 monumentum,

405 3041 455 3106 Ut
469 3043 594 3129 requies
609 3043 722 3119 somni,
740 3041 786 3106 sic
802 3064 939 3128 corpore
953 3055 1045 3128 paret
1060 3041 1093 3106 in
1108 3044 1213 3108 omni:

405 3128 560 3193 Vestibus
575 3143 609 3194 et
624 3127 720 3193 sacris
737 3129 902 3214 corruptio
918 3129 1020 3194 defuit
1034 3130 1114 3194 ueris
1131 3155 1139 3196 ι

405 3214 507 3286 Nulla
521 3216 652 3304 quidem
666 3217 779 3302 pannis
796 3217 932 3282 undenis
949 3217 1085 3302 contigit
1097 3216 1201 3293 annis,

406 3300 486 3377 Quis
503 3318 558 3369 tua
572 3311 682 3370 sancta
696 3323 772 3368 caro
787 3298 849 3368 suit
860 3303 962 3369 obsita
980 3322 1112 3369 munere
1127 3303 1225 3368 claro.

405 3390 537 3470 Quaeso,
555 3391 604 3456 'vir
619 3389 773 3476 angelice,
790 3393 890 3477 patris
905 3391 1134 3478 omnipotentis
1149 3389 1259 3467 amice,

406 3477 495 3551 Quas
512 3479 688 3557 detestaris,
706 3479 816 3543 sordes
833 3477 930 3544 michi
946 3481 1033 3544 dilue
1049 3480 1175 3555 carnis3

401 3565 453 3629 Ne
469 3567 551 3630 male
567 3577 737 3650 putrescat,
754 3565 781 3628 si
795 3568 944 3631 sordibus
959 3567 1008 3629 his
1024 3566 1221 3653 requiescam

404 3653 470 3718 Sed
487 3655 645 3740 templum
663 3651 795 3718 Christo
811 3655 871 3720 sim
886 3677 1024 3741 corpore
1039 3655 1167 3720 deditus
1182 3652 1252 3718 istc.
