3132 5286
728 427 823 481 vn’a
849 425 988 480 SANCTI

416 595 493 674 Fac,
508 594 606 673 bone,
619 593 670 660 fac
681 593 822 682 inquam,
837 591 954 658 faciam
968 591 1068 671 bona,
1083 609 1185 679 prava
1197 583 1403 676 relinquam:

418 685 484 750 Fac
498 705 592 748 orans
607 683 744 769 plorem,
760 680 890 768 plorans
904 691 938 746 et
950 678 1089 746 dulciter
1103 699 1215 758 orem3

421 771 471 838 Ut
486 771 585 838 modo
599 769 735 838 carnalis
750 791 809 858 per
823 781 857 836 te
872 767 933 834 sim
948 767 1130 855 spiritualis,

402 1150 521 1242 [CAP.
539 1157 575 1224 X
578 1159 848 1242 ism-Qualiter
860 1161 1020 1226 solitarius
1035 1163 1069 1225 ἑκ
1083 1157 1189 1226 Fame
1204 1161 1325 1228 merit.

422 1413 513 1478 Hinc
529 1411 669 1477 sacriora
684 1412 776 1496 petis,
794 1409 998 1476 terrestribus
1015 1409 1158 1499 undique
1170 1409 1305 1498 spretis:

426 1502 465 1566 In
483 1501 588 1565 Fame
603 1498 734 1564 latebris
750 1499 833 1563 coelo
849 1498 938 1584 cupis
953 1522 1022 1564 esse
1038 1499 1193 1576 celebris3

423 1589 535 1654 Terris
550 1587 704 1666 occultus,
721 1610 828 1652 rerum
843 1587 976 1652 vitando
992 1589 1159 1654 tumultus.

425 1677 511 1741 Haec
527 1699 623 1763 super
638 1695 687 1742 est
701 1698 780 1740 cura
795 1697 850 1761 spe
865 1690 1066 1764 praegustare
1082 1675 1212 1756 futura3

426 1764 511 1830 Haec
528 1762 688 1852 gustando
704 1786 808 1841 vacas,
826 1763 992 1828 Christum
1008 1764 1149 1842 lacrima,
1165 1785 1273 1850 prece,
1290 1764 1417 1850 placas.

427 1852 516 1916 Vivis
531 1875 571 1916 eo
586 1863 707 1935 raptus,
721 1873 838 1939 magna
852 1850 1022 1916 dulcedine
1038 1864 1168 1937 captus:

425 1939 517 2004 Vivis
534 1952 566 2003 et
581 1937 709 2016 insistis,
726 1938 773 2003 nil
789 1951 821 2002 te
836 1939 979 2004 deflectit
994 1939 1035 2004 ab
1051 1939 1129 2008 istis.

427 2027 513 2094 Haec
529 2038 651 2092 secreta
665 2025 728 2090 loci
743 2025 847 2091 tenuit
861 2040 1042 2116 cumgente
1056 2025 1155 2093 feroci

428 2113 550 2182 inferni
564 2117 727 2202 princeps,
745 2114 802 2180 sed
817 2115 927 2200 pulsus
940 2116 981 2180 ab
996 2115 1073 2181 inde
1088 2113 1251 2201 deinceps,

430 2205 557 2291 Expers
574 2204 611 2269 lit
627 2201 722 2281 sediS,
741 2201 793 2268 cui
809 2218 851 2282 te,
870 2202 1078 2283 sanctissime,
1096 2202 1211 2270 credis.

430 2291 551 2358 Christi
565 2292 676 2370 lorica,
690 2291 846 2379 galeaque
861 2291 970 2357 salutis
985 2293 1098 2372 amica,

429 2383 473 2446 Et
484 2379 594 2466 gladio
610 2379 699 2444 verbi
715 2380 832 2466 premis
848 2378 948 2446 hostis
964 2381 1048 2445 colla
1062 2377 1203 2468 superbi.

430 2468 556 2533 Taliter
570 2479 720 2545 armatus,
737 2467 833 2532 struis
847 2465 900 2532 hic
916 2481 971 2533 tua
985 2487 1091 2534 castra
1104 2468 1269 2556 probatus,

435 2555 489 2620 Sic
503 2555 616 2621 mundi
632 2575 724 2618 curas
740 2577 812 2619 cum
829 2555 951 2620 mundo
959 2559 1029 2644 jaim
1044 2555 1181 2621 ruituras

432 2645 497 2710 Fac
509 2658 546 2709 ut
561 2665 622 2732 ego
638 2664 798 2729 spernam,
814 2641 911 2710 vitam
927 2645 1089 2732 gustando
1105 2663 1298 2731 supernam:

434 2733 498 2798 Fac
516 2731 619 2797 sitiam
637 2732 774 2797 multum
791 2731 986 2798 dominantis
1002 2755 1133 2799 cernere
1149 2731 1284 2810 vultum,

438 2820 545 2895 Quem
562 2821 688 2886 videam
704 2820 835 2887 tandem
850 2835 977 2887 sanctos
994 2843 1050 2908 per
1065 2822 1162 2888 saecla
1175 2822 1338 2889 beantem.

450 3205 570 3296 [CAP.
586 3205 624 3272 X
626 3207 958 3362 VII-PQdidlinduinr
924 3229 1000 3314 pepe
1015 3209 1184 3276 demuma
1197 3231 1314 3294 uquam

441 3553 527 3620 Fons
543 3549 584 3613 de
599 3569 680 3634 rupe
696 3548 790 3610 datus
805 3543 900 3612 fluxit
911 3545 970 3613 tibi
985 3569 1118 3615 munere
1132 3560 1263 3638 gratus:

435 3636 566 3707 Prosilit
581 3660 598 3700 e
614 3648 707 3720 petra
722 3634 780 3698 tibi
796 3634 1009 3701 conveniente
1024 3648 1161 3702 metreta
1176 3661 1186 3714 3

442 3727 530 3794 Hinc
544 3722 638 3803 bibis,
651 3722 725 3787 hinc
740 3723 872 3808 gaudes,
890 3727 978 3790 canis
993 3723 1069 3789 hinc
1085 3747 1127 3790 ex
1141 3739 1273 3812 pectore
1287 3726 1413 3796 laudes.

443 3816 520 3882 Plus
533 3813 626 3898 hujus
641 3823 769 3899 gustum
786 3834 882 3900 quam
898 3812 1090 3878 delectabile
1106 3827 1245 3880 mustum

443 3899 571 3992 Diligis,
585 3913 619 3966 et
634 3898 732 3964 mavis
747 3923 845 3988 quam
856 3900 923 3966 vini
937 3899 1056 3988 pocula
1070 3902 1186 3970 suavis.
