3094 5292
306 493 353 558 18
750 505 842 554 vrrs
871 505 1010 554 oswrm

303 669 413 734 modio
435 667 643 732 reclusemnt.
703 665 804 730 Porro
826 687 868 730 ne
891 687 949 729 nos
972 664 1128 729 consimili
1150 665 1287 753 impetiti
1309 665 1452 744 crimine,

305 754 516 820 damnationis
538 755 638 838 justae
666 753 877 838 percellamur
910 751 1078 829 sententia,
1102 753 1129 815 si
1160 752 1351 817 tacuerimus
1382 777 1456 841 quae

305 842 454 918 vidimus,
466 841 518 906 vel
529 863 602 926 quoe
613 839 756 903 veridico
771 839 874 903 relatu
884 837 1064 904 audivimus
1083 838 1192 902 Sancti
1202 838 1367 917 miracula,
1379 862 1454 904 ecce

306 929 339 992 in
355 950 453 992 unum
469 949 584 1012 corpus
594 926 781 1010 colligimus,
796 939 862 990 tam
874 947 947 1011 quae
957 924 1077 1009 scripta
1090 939 1165 989 sunt
1180 938 1256 990 ante
1271 947 1341 1004 nos,
1358 948 1455 1012 quam

307 1037 380 1102 quae
392 1013 572 1098 scripsimus
587 1035 657 1090 nos,
674 1011 782 1076 Sancti
804 1012 902 1095 Regis
918 1010 1026 1096 signa:
1052 1024 1087 1074 ut
1106 1011 1220 1076 sieute
1241 1013 1373 1097 speculo
1391 1035 1456 1077 non

306 1123 470 1188 nunquam
485 1112 724 1184 representatur
738 1098 825 1182 prius
841 1097 969 1161 minime
984 1096 1052 1162 visa
1068 1098 1184 1182 imago,
1202 1099 1246 1162 sic
1269 1121 1313 1163 ex
1327 1100 1457 1163 mirabi-

306 1189 389 1252 libus
405 1208 463 1272 per
483 1188 636 1251 Sanctum
653 1184 828 1248 immutatis
843 1184 1022 1249 innotescat
1042 1184 1151 1248 Sancti
1162 1185 1322 1263 meritum,
1340 1185 1455 1250 nullius

306 1265 472 1360 scripturae
493 1272 652 1338 beneficio
667 1269 758 1355 plene
774 1271 816 1334 ad
831 1294 888 1334 nos
904 1270 1101 1334 devolutum.
1160 1271 1269 1336 Multa
1283 1271 1401 1358 quippe
1425 1285 1457 1336 et

306 1383 423 1446 magua
437 1360 555 1424 celebri
571 1359 667 1430 laude
689 1357 787 1442 digna
809 1356 936 1434 memit,
953 1357 1007 1442 qui
1025 1356 1126 1421 multa
1141 1371 1173 1422 et
1189 1357 1333 1422 inaudita
1347 1358 1458 1422 lauda-

306 1447 384 1512 bilia
408 1445 525 1510 cotidie
549 1444 637 1508 facit.
687 1443 796 1508 Sancti
817 1442 1057 1508 Melchisedech
1079 1443 1228 1531 frequens
1252 1445 1358 1510 estin
1381 1467 1456 1532 pro-

307 1532 415 1618 phetis
429 1532 561 1609 mentio,
578 1545 612 1595 et
627 1530 743 1594 sanctis
766 1530 985 1594 sacerdotibus
1001 1531 1191 1615 proponitur
1206 1531 1325 1595 ordinis
1340 1532 1455 1609 forma,

225 1634 226 1637 ’
308 1622 399 1707 cujus
423 1619 488 1682 vita
510 1617 598 1681 nullo
620 1616 737 1701 legitur
755 1617 879 1681 calamo
894 1630 1048 1692 exarata;
1071 1629 1105 1680 et
1120 1617 1175 1704 qui
1189 1640 1314 1682 morum
1331 1632 1380 1682 est
1395 1619 1459 1681 dis-

308 1706 436 1791 ciplina,
455 1705 496 1770 de
518 1705 660 1768 moribus
676 1707 743 1790 ejus
762 1704 850 1767 nulla
864 1716 913 1768 est
928 1703 1074 1767 instituta
1089 1703 1265 1789 disciplina.
1314 1705 1352 1770 In
1367 1705 1456 1769 nullo

308 1806 417 1858 tamen
437 1792 572 1876 derogat
596 1792 664 1874 ejus
687 1790 871 1854 auctoritati
887 1789 999 1854 raritas
1016 1789 1136 1874 scripti,
1154 1813 1226 1854 cum
1245 1790 1337 1856 Deus
1357 1792 1457 1856 Pater

304 1878 462 1964 juraverit
478 1879 586 1942 dicens
606 1877 697 1948 Filio,
724 1877 807 1940 “Tu
826 1899 860 1940 es
874 1876 1022 1942 sacerdos
1039 1877 1071 1939 in
1087 1890 1256 1956 aeternum,
1278 1879 1457 1944 secundum

309 1967 455 2030 ordinem
472 1963 742 2029 Melchisedech.’'
790 1963 930 2046 Magnus
946 1963 1064 2049 quippe
1081 1963 1151 2041 luit,
1168 1967 1258 2050 cujus
1274 1966 1356 2030 ordo
1371 1967 1458 2029 ordi-

308 2053 358 2117 nis
377 2051 474 2117 Cristi
485 2051 590 2114 forma
611 2050 683 2126 fuit,
701 2048 781 2114 etin
804 2050 923 2114 ordinis
939 2050 1141 2114 observantia
1155 2052 1302 2116 omnibus
1314 2052 1457 2152 antiquis

309 2139 454 2224 patribus
469 2139 620 2222 praelatus
636 2149 696 2215 est,
713 2136 767 2223 qui
784 2137 930 2202 omnibns
950 2136 1074 2201 Sanctis
1094 2137 1126 2200 in
1144 2137 1252 2202 Cristo
1267 2153 1457 2226 praeposrtus

310 2240 358 2291 est
374 2225 558 2289 imitandus.
607 2223 660 2288 Sic
684 2245 818 2308 magnus
841 2237 892 2288 est
906 2241 941 2288 et
955 2223 1123 2288 laudabilis
1138 2221 1241 2302 nimis,
1259 2229 1349 2312 cujus
1364 2227 1461 2290 meri-

309 2327 377 2377 tum
401 2310 461 2376 etsi
485 2310 651 2395 dispendia
674 2310 776 2374 laudis
799 2313 932 2374 senserit
953 2310 1160 2397 antiquorum
1176 2312 1313 2390 silentio,
1332 2314 1459 2398 experi-

309 2411 422 2464 mento
452 2398 501 2461 sui
530 2409 638 2460 tamen
670 2396 814 2474 exbibet,
846 2397 966 2461 efficaci
995 2397 1159 2481 signorum
1185 2412 1219 2462 et
1248 2399 1459 2484 prodigorum

310 2485 452 2584 eloquio.
497 2483 602 2566 Igitur
627 2483 781 2547 lectorem
811 2504 989 2559 monemus,
1021 2486 1169 2569 quatinus
1201 2487 1276 2548 vitae
1307 2486 1459 2551 metiatur

309 2571 528 2636 sullimitatem
563 2569 726 2652 signorum
755 2568 1034 2634 innumerabilium
1072 2569 1269 2650 celsitudine,
1299 2585 1332 2636 et
1356 2575 1459 2657 magis

310 2658 420 2723 credat
437 2657 530 2721 oculo
545 2655 636 2740 signa
650 2655 798 2732 videntis,
815 2678 911 2742 quam
934 2657 1056 2720 calamo
1079 2657 1191 2720 scribae
1206 2680 1264 2742 per
1275 2660 1460 2744 neglectum

311 2744 443 2810 incuriae
466 2766 533 2808 non
563 2763 725 2828 nunquam
753 2764 830 2806 vera
856 2742 1092 2807 dissimulantis.
1142 2744 1262 2808 Oculus
1290 2747 1407 2831 qnippe
1431 2748 1459 2810 si

311 2832 447 2917 simplex
462 2829 571 2906 suerit,
583 2850 648 2892 non
663 2829 782 2915 poterit
797 2829 850 2898 vel
871 2830 993 2918 fingere
1009 2853 1082 2916 quoe
1097 2852 1163 2894 non
1178 2831 1304 2909 viderit,
1321 2833 1461 2898 reticere

311 2942 389 2984 vera
413 2941 487 3005 quae
511 2916 639 2980 viderit.
702 2915 813 2981 Scriba
839 2915 915 2980 vero
931 2917 987 3003 qui
1008 2917 1042 2980 in
1057 2917 1154 2981 corde
1170 2932 1203 2981 et
1218 2920 1316 2983 corde
1331 2920 1460 2985 locutus
1490 2963 1495 2973 ·

310 3005 418 3081 fuerit,
457 3003 512 3067 uia
532 3003 714 3066 inconstans
738 3016 787 3066 est
807 3001 925 3081 animo,
942 3004 1082 3068 mendax
1096 3003 1194 3068 estin
1210 3005 1322 3068 calami
1339 3007 1457 3085 officio,

310 3093 362 3156 vel
378 3027 503 3154 invidus
518 3089 551 3152 in
566 3087 703 3167 silentio,
717 3089 769 3152 vel
784 3103 956 3176 utrumque
971 3090 1005 3154 in
1019 3105 1169 3178 utroque,
1186 3103 1220 3156 et
1235 3090 1310 3158 ideo
1325 3094 1463 3158 creden-

310 3177 627 3246 mmmmm

313 3442 413 3508 CAP.
434 3439 692 3523 VI.-Incrpiunt
711 3444 865 3506 miracula
886 3461 957 3524 qne
973 3451 1046 3523 post
1065 3445 1277 3506 revelationem
1294 3446 1381 3508 socri
1393 3466 1464 3509 cor-

394 3532 485 3610 poris
505 3530 572 3612 ejus
588 3533 648 3609 p'er
669 3549 737 3592 eum
747 3531 844 3609 facto
867 3537 1081 3592 memorantur.
1126 3531 1167 3592 Ia
1183 3533 1309 3610 primis,
1326 3534 1464 3613 qrraliter

311 3647 313 3652 ·
398 3617 508 3695 capilli
522 3617 588 3696 ejus
602 3619 635 3677 ic
650 3618 720 3695 iqrre
728 3617 901 3697 probandae
910 3619 1034 3679 vinetis
1048 3636 1113 3678 auce
1123 3618 1231 3698 gratia
1242 3621 1348 3698 positi,
1364 3620 1468 3698 ra'clril¹

397 3703 603 3782 corruptionis
617 3704 688 3765 inde
700 3705 909 3765 manumet

359 3877 506 3962 Cumque
521 3895 578 3958 per
592 3873 773 3938 nniversam
791 3872 1135 3958 Nordhanymbrorum
1158 3875 1353 3960 provinciam
1368 3900 1465 3942 reve·
1524 3929 1525 3932 η

311 3963 399 4028 landi
413 3960 521 4025 Sancti
532 3961 673 4045 corporis
685 3960 815 4044 gloriosi
827 3960 993 4044 Deyorum
1007 3960 1105 4045 Regis
1115 3974 1149 4025 et
1163 3961 1316 4050 Martyris
1325 3965 1462 4043 oswini,

313 4051 345 4113 in
370 4048 504 4113 ecclesia
529 4048 636 4111 beatae
661 4047 727 4110 Dei
753 4046 924 4128 genetricis
953 4048 1080 4111 Sanctoe
1107 4049 1247 4133 Virginis
1275 4051 1392 4115 Mariae
1420 4052 1464 4117 de

316 4135 546 4222 Tynemudtha
567 4133 654 4197 fama
680 4132 923 4216 percrebuisset,
942 4134 1179 4223 Thestiumque
1202 4137 1352 4202 comitem
1377 4141 1465 4225 ejus-

310 4223 387 4287 dem
397 4219 582 4308 provinciae,
594 4219 696 4283 filium
711 4217 861 4282 Godwiui
871 4220 959 4283 ducis
972 4223 1108 4300 Cantiae,
1122 4224 1285 4309 quomodo
1294 4225 1464 4290 decentius

312 4312 346 4372 id
361 4310 465 4385 lieret,
486 4304 688 4388 AEgelwinus
704 4304 928 4369 Dunelmensis
947 4308 1113 4393 episcopus
1129 4310 1349 4389 consuluisset,
1367 4313 1466 4377 multi

312 4395 456 4461 fidelium
471 4392 513 4457 ad
527 4392 635 4455 locum
649 4391 856 4478 requietionis
871 4395 940 4478 ejus
956 4394 1152 4474 festinantes,
1171 4409 1261 4461 tanto
1277 4400 1465 4482 spectaculo

312 4481 395 4546 votis
411 4478 559 4545 omnibus
574 4477 728 4544 interesse
739 4479 922 4564 cupiebant.
957 4482 1102 4567 Contigit
1117 4495 1226 4549 autem
1242 4496 1278 4551 ut
1291 4484 1470 4552 Comitissa
1521 4571 1522 4578 ἵ
