3132 5286
501 519 640 572 saucrr
659 521 892 573 cerussam.
1253 502 1301 570 85

148 683 314 771 quondam
331 683 414 748 illius
431 685 603 747 mansionis
626 685 857 749 sanctificatum
879 685 1005 764 honori,
1022 709 1042 750 a
1056 684 1172 748 nostris
1188 705 1303 771 proge-
1342 763 1345 770 Ι

149 772 308 836 nitoribus
325 773 424 836 atavis
436 774 619 858 frequenter
631 772 822 848 audivimus,
835 788 865 837 et
880 796 940 858 pro
950 773 1041 837 istius
1056 772 1222 836 sanctitate
1234 795 1303 837 cre·

150 859 210 922 bra
225 858 295 922 istie
317 859 401 923 sacta
429 859 525 924 fuisse
553 861 708 925 miracula
731 862 848 944 saepius
872 863 1093 946 experimento
1124 859 1303 924 didicimus.

152 946 338 1011 Sicutenim
354 960 478 1032 patrum
491 947 662 1012 traditione
678 950 903 1031 comperimus,
918 949 995 1012 olim
1010 950 1043 1010 in
1059 948 1120 1012 hac
1135 971 1303 1012 nemorum

151 1034 323 1098 solitudine
339 1048 428 1099 tanta
443 1036 594 1119 luporum
612 1035 785 1099 multitudo
809 1051 841 1100 et
865 1060 951 1100 saeva
966 1037 1119 1121 ingluviei
1144 1038 1302 1121 rapacitas

151 1122 271 1200 extitit,
297 1123 384 1209 quod
401 1121 499 1186 nichil
516 1122 688 1188 viventium
704 1123 870 1186 hominum
897 1147 934 1187 ve
958 1124 1097 1188 ferarum
1112 1123 1304 1208 perdurasse

151 1210 304 1295 potuerit.
356 1209 460 1274 Omne
477 1235 553 1275 vero
575 1213 663 1297 quod
686 1212 782 1295 hujus
811 1226 901 1296 septa
926 1211 1159 1288 concluserant,
1186 1211 1304 1275 nullius

152 1297 308 1362 molestiae
324 1297 438 1382 rapina
453 1298 586 1386 fatigare
602 1312 871 1383 praesumpserat3
898 1322 1002 1386 neque
1020 1321 1161 1385 unquam
1176 1299 1303 1383 praedo-

152 1407 220 1463 nes,
245 1386 342 1461 fures‚
359 1386 409 1449 vel
426 1385 555 1450 alterius
572 1386 778 1474 malignitatis
791 1387 928 1452 cultores
944 1389 1031 1451 intra
1045 1387 1140 1473 hujus
1151 1387 1304 1451 territorii

153 1486 245 1556 septa
253 1473 472 1557 praevalabant
488 1475 628 1561 aliquem
645 1476 813 1559 attingere.
838 1476 937 1540 Unde
955 1498 1019 1539 non
1037 1488 1101 1538 tam
1112 1473 1304 1539 animalibus

151 1583 249 1646 quam
265 1561 449 1625 hominibus
465 1563 554 1627 locus
570 1563 630 1626 iste
646 1563 834 1650 suffragium
848 1577 880 1627 et
895 1562 1050 1626 auxilium
1067 1576 1124 1640 est,
1137 1563 1194 1626 sed
1207 1561 1303 1626 etiam

152 1650 277 1713 eunctis
300 1650 489 1713 mortalibus
516 1650 677 1735 refugium
705 1665 736 1713 et
764 1651 931 1734 protectio.
980 1651 1143 1734 Tempore
1168 1671 1304 1736 namque

154 1736 273 1820 lupinae
289 1737 423 1800 feritatis
439 1739 557 1822 quique
586 1738 869 1820 comprovinciales
886 1761 944 1801 sua
958 1738 1085 1822 peculia
1101 1737 1185 1800 infra
1208 1737 1303 1822 hujus

151 1824 215 1887 loci
231 1825 369 1888 ambitus
386 1824 632 1907 compellebant,
657 1838 689 1886 et
714 1827 863 1888 ominbus
887 1826 961 1889 feris
977 1825 1152 1888 immitibus
1168 1825 1304 1888 circurn-

152 1935 281 1998 quaque
293 1935 332 1975 ea
347 1911 574 1984 insidiantibus
591 1935 755 1999 nunquam
772 1914 924 1998 praefixas
937 1936 1021 1977 areae
1038 1912 1154 1977 limites
1169 1924 1304 1996 praeter-

152 1999 246 2087 gredi
270 2001 518 2084 praesumebant.
567 2001 714 2075 Sibilare,
732 2001 892 2078 frendere,
910 2016 942 2064 et
967 2001 1074 2088 rugire
1098 2001 1251 2064 adversus
1268 2023 1306 2064 ea

154 2100 316 2171 poterant,
334 2087 389 2150 sed
407 2090 565 2151 excedere
582 2089 648 2172 ejus
665 2090 743 2151 lines
760 2091 887 2173 penitus
918 2111 981 2151 non
997 2087 1180 2154 valebant.''
1229 2087 1304 2150 Hiis

153 2175 257 2253 dictis,
275 2176 434 2239 solitarius
450 2177 689 2260 supramodum
707 2177 914 2260 stupefactae,
933 2176 1007 2238 Deo
1019 2175 1134 2261 gratias
1151 2174 1302 2252 reddidit,

153 2278 188 2327 et
203 2287 245 2327 ex
260 2287 300 2327 eo
317 2277 460 2348 tempore
494 2265 632 2327 Beatum
666 2263 882 2328 Cuthbertum
913 2263 1117 2326 devotissime
1149 2262 1302 2339 excoluit,

152 2353 230 2438 quia
245 2352 286 2415 de
300 2350 360 2413 hiis
376 2375 449 2437 quae
466 2351 589 2414 viderat
615 2367 646 2415 et
662 2352 808 2416 audierat
823 2351 970 2415 dubitare
987 2374 1053 2414 non
1077 2350 1193 2435 potuit.
1243 2350 1304 2413 Fe·

154 2451 231 2503 runt
248 2453 354 2502 antem
387 2438 548 2502 illiusloci
566 2439 679 2503 incolae
696 2441 784 2526 quod
812 2463 912 2525 usque
942 2439 974 2502 in
1001 2438 1192 2502 hodiernum
1217 2438 1302 2501 diem

154 2527 237 2590 infra
252 2528 368 2590 limites
383 2527 483 2611 ipsius
499 2550 583 2591 arere
598 2551 658 2592 nec
685 2529 771 2592 fures
795 2529 954 2592 effodiunt
982 2527 1031 2590 vel
1062 2527 1221 2603 furantur,
1255 2527 1304 2590 vel

153 2614 304 2678 animalia
328 2617 554 2700 seuquaelibet
582 2616 643 2679 alia
674 2617 714 2680 de
746 2617 817 2679 loco
845 2615 901 2678 illo
925 2617 1039 2701 injuste
1071 2615 1225 2679 violenter
1255 2613 1304 2677 vel

154 2703 379 2767 fraudulenter
408 2717 543 2784 possunt
570 2705 705 2767 auferre.
753 2704 859 2766 Locus
876 2703 928 2765 ille
946 2703 1080 2766 Moddri
1093 2703 1222 2780 dicitur,
1240 2702 1304 2765 dis-

152 2805 265 2877 tatque
281 2814 300 2854 a
315 2791 443 2854 civitate
464 2791 644 2855 Bedeforde
668 2805 805 2876 quatuor
820 2789 947 2854 circiter
962 2790 1149 2855 miliaribus.

518 3102 634 3181 [cae.
660 3102 943 3183 xxixa-Ara.

199 3333 417 3417 Episcopante
442 3331 545 3394 Beato
570 3327 764 3402 cuthberte,
789 3349 913 3411 semper
936 3325 1131 3390 castimoniae
1147 3326 1257 3405 decue,
1273 3338 1307 3392 et

153 3421 366 3484 continentiae
381 3421 490 3494 virtus,
503 3418 588 3480 circa
603 3436 637 3478 se
653 3437 791 3500 suosque
819 3414 954 3502 rigando
970 3414 1094 3490 claruit,
1119 3427 1151 3476 et
1170 3415 1306 3498 justitiae

154 3508 262 3572 cultus
278 3521 311 3570 et
326 3507 503 3571 honestatis
519 3505 653 3568 affectus
680 3503 813 3565 floridus
830 3516 894 3566 tarn
919 3507 950 3564 in
976 3499 1099 3565 actibus
1116 3524 1212 3587 quam
1228 3525 1308 3587 ope·

155 3597 247 3659 ribus
262 3595 322 3678 piis
338 3595 457 3658 cotidie
472 3592 647 3657 crescendo
670 3592 860 3675 comparuit,
910 3590 962 3652 Ad
978 3589 1151 3654 devitanda
1166 3590 1306 3677 denique

155 3683 251 3746 malae
266 3681 453 3766 suspicionis
469 3680 653 3767 obprobria,
679 3701 806 3764 semper
835 3679 1027 3742 feminarum
1051 3679 1114 3741 suis
1136 3678 1307 3743 interdixit

155 3771 371 3835 contubernia
386 3771 436 3834 vel
451 3771 655 3857 frequentata
677 3767 850 3834 consortia.
900 3765 1054 3842 Quodam
1080 3767 1200 3832 exinde
1226 3781 1307 3831 tem-

155 3880 236 3943 pore
246 3859 325 3922 dum
337 3859 474 3922 Sanctus
492 3857 644 3922 Pontifex
661 3858 692 3918 in
703 3856 898 3918 monasterio
914 3855 1056 3918 demere
1073 3855 1239 3919 redimitus
1251 3867 1307 3918 ex-

156 3945 231 4022 titit,
244 3945 453 4030 processionis
470 3947 565 4009 ritum
583 3944 777 4008 celebrando
801 3945 920 4030 exequi
935 3941 1058 4006 debuit:
1091 3942 1162 4005 haec
1178 3942 1308 4027 quidem

156 4032 271 4098 diebus
281 4034 499 4118 solempnibus
510 4033 622 4095 solitus
634 4047 700 4094 erat
717 4054 825 4119 agere,
839 4045 871 4095 et
887 4031 1121 4114 subsequenter
1136 4030 1186 4092 vel
1202 4051 1309 4092 sacro-

156 4137 268 4186 sancta
284 4123 442 4186 conficere
459 4121 508 4184 vel
525 4121 644 4184 diutius
658 4119 791 4182 rudibus
807 4119 934 4204 populis
951 4117 1073 4179 monita
1088 4115 1232 4180 coelestia
1246 4116 1309 4180 dis·

156 4233 303 4294 pensare.
353 4210 501 4273 Exeunte
518 4231 596 4294 ergo
613 4208 652 4271 ad
670 4207 739 4268 hoec
762 4207 868 4269 officia
898 4204 1062 4290 pontifice,
1094 4204 1200 4267 subito
1225 4205 1309 4269 inter

156 4299 257 4362 verba
273 4299 338 4361 Dei
353 4320 426 4383 quae
449 4296 660 4382 praedicando
693 4293 801 4370 seruit,
835 4292 913 4356 vidit
940 4291 1111 4377 plerosque
1142 4292 1308 4356 hominum

156 4385 316 4449 cachinno
333 4385 518 4450 resultando
534 4385 647 4448 ridere.
693 4381 765 4444 Jarn
782 4381 912 4466 quidem
928 4379 1047 4466 quique
1071 4381 1149 4444 alias
1164 4382 1311 4445 intende-

155 4475 248 4552 bant,
265 4487 298 4538 et
312 4473 404 4559 quasi
416 4474 457 4538 ad
473 4472 654 4559 spectacula
663 4469 868 4556 praemirifica
880 4466 1064 4536 contuenda
1074 4469 1218 4534 nonnulli
1234 4489 1310 4533 cou-
