3132 5286
493 391 631 444 sancrr
659 392 898 448 curnanarr.
1214 379 1265 461 77
1347 369 1350 375 ¹

91 547 231 631 penitus
250 549 385 614 illaesurn
405 560 438 617 et
460 555 501 618 ab
524 577 679 642 aquarum
697 556 850 644 voragine
870 557 1016 634 liberum,
1034 555 1110 620 Deo
1124 554 1261 621 admira-

90 635 153 699 bili
177 636 291 701 laudes
307 638 455 720 reddidit,
477 654 732 731 cunctorumque
747 645 871 710 animos
886 644 928 709 ad
943 645 1009 708 Dei
1024 644 1159 728 gloriam
1175 667 1259 728 prae·

93 723 279 788 dicandam
294 725 410 791 erexit.

556 1041 674 1120 [aar.
692 1039 807 1122 xire]

142 1260 196 1325 Ut
220 1274 328 1326 autem
351 1263 391 1327 ad
416 1262 573 1349 liquidum
597 1287 645 1341 ea,
664 1287 736 1350 quae
753 1265 793 1328 de
809 1263 865 1327 illo
881 1263 1069 1340 audivimus,
1095 1264 1249 1348 explane-

89 1369 176 1426 mus,
197 1351 386 1415 traditiones
399 1363 431 1414 et
448 1351 616 1436 opiniones
633 1353 782 1438 vulgares
798 1374 862 1414 non
879 1352 1066 1418 tacebimus.
1101 1351 1250 1416 Tradunt
1278 1415 1280 1420 .

89 1435 258 1522 siquidem
275 1451 339 1502 tam
356 1438 582 1525 Hybernenses
599 1454 664 1503 tam
678 1438 876 1512 Galwienses
892 1452 925 1502 et
943 1438 1055 1516 Scotti,
1072 1439 1159 1524 quod
1172 1463 1251 1524 puer

91 1523 234 1588 Domini
250 1548 310 1610 pro
325 1525 494 1604 miraculis,
507 1550 579 1613 quae
590 1549 731 1610 pereum
745 1527 834 1590 Deus
847 1527 997 1603 ostendit,
1011 1527 1118 1590 multis
1132 1549 1248 1591 exosus

92 1610 125 1673 in
161 1625 252 1676 terra
281 1637 338 1677 sua
368 1614 473 1679 fuerit.
538 1613 637 1678 Unde
659 1614 806 1678 nonnulli
823 1614 1012 1678 consuluere
1028 1627 1061 1678 ut
1079 1615 1159 1678 fines
1175 1638 1249 1678 suos

88 1699 304 1786 relinqueret,
322 1714 356 1765 et
370 1725 471 1786 regna
485 1701 644 1788 profugus
659 1701 765 1765 aliena
781 1701 895 1767 adiret.
931 1701 1056 1774 Quibus
1069 1702 1245 1786 respondit,

89 1809 124 1850 se
142 1787 211 1851 hoc
227 1789 318 1851 nullo
334 1791 432 1853 modo
451 1790 621 1865 iacturum,
638 1788 698 1852 nisi
722 1790 750 1851 ei
774 1788 935 1876 navigium
952 1800 1139 1873 praestarent
1157 1788 1245 1874 prius

87 1873 272 1942 insolitum.
337 1876 488 1940 Protinus
511 1879 670 1962 promisso
685 1877 851 1954 laetificati,
868 1877 928 1940 sub
943 1876 1099 1962 hyronica
1113 1876 1246 1940 subsan-

87 1961 227 2026 natione
252 1963 335 2027 dura
354 1987 433 2049 rupe
450 1963 479 2028 ei
502 1964 678 2028 naviculam
699 1965 870 2052 quandam,
888 1986 985 2050 quam
1008 1964 1125 2028 corrok
1143 1963 1245 2028 nomi-

87 2063 182 2128 nant,
209 2051 452 2135 praeciderunt,
478 2065 511 2116 et
534 2064 711 2116 statuentes
734 2051 766 2113 in
790 2051 906 2130 littore,
924 2063 960 2114 ut
975 2052 1007 2113 in
1024 2074 1063 2114 ea
1077 2053 1244 2134 navigaret

87 2152 329 2223 praeceperunt.
382 2138 467 2203 Mox
488 2138 595 2225 itaque
619 2153 651 2203 et
675 2138 765 2218 [?at]
789 2161 884 2223 super
905 2160 976 2202 eam
996 2137 1124 2221 signum
1140 2138 1243 2202 crucis

85 2226 204 2304 edidit,
223 2248 335 2290 curroe
350 2226 478 2313 lapidea
492 2249 587 2310 super
602 2226 704 2290 undas
719 2247 884 2312 aequoreas
899 2225 1050 2290 enatavit.
1082 2225 1135 2291 De
1151 2229 1243 2312 cujus

85 2315 262 2378 sanctitate
277 2313 485 2393 admirantes,
503 2337 576 2378 cum
591 2316 652 2378 iter
667 2317 735 2401 ejus
745 2313 1011 2399 propositumque
1023 2313 1182 2400 nullisque
1195 2313 1242 2377 ul-

86 2403 190 2466 terius
205 2414 337 2486 possent
352 2403 500 2486 precibus
516 2401 680 2486 impedire‚
697 2403 766 2485 ipse
789 2423 862 2466 cum
878 2413 981 2466 matre
1003 2410 1035 2464 et
1051 2399 1143 2464 sociis
1159 2400 1241 2465 clam

84 2502 184 2553 nocte
201 2488 362 2554 discessit:
380 2504 413 2554 et
427 2490 509 2554 miro
519 2491 617 2554 modo
632 2490 665 2553 in
681 2488 810 2573 lapidea
818 2489 969 2554 devectus
981 2489 1137 2566 navicula,
1151 2490 1239 2573 apud

90 2574 272 2641 Galweiam
297 2577 329 2638 in
357 2578 489 2660 regione
514 2577 579 2656 illa,
606 2600 678 2664 quae
704 2577 845 2640 Renunii
861 2590 1005 2653 vocatur,
1022 2577 1055 2639 in
1072 2589 1169 2661 portu
1184 2579 1241 2662 qui

86 2662 251 2726 Rintsnoc
277 2665 404 2741 dicitur,
436 2665 601 2749 applicuit.
665 2665 704 2727 ln
731 2667 821 2750 cujus
847 2678 962 2750 portus
992 2663 1101 2726 littore
1124 2685 1238 2728 curroc

84 2751 188 2816 sancti
207 2751 379 2815 Cuthberti
396 2751 522 2835 lapidea
544 2752 649 2815 adhuc
669 2751 859 2834 perdurasse
875 2750 1012 2814 videtur.
1061 2751 1140 2814 Post
1156 2749 1238 2826 haec,

84 2860 204 2904 curroc
220 2839 348 2923 lapidea
370 2838 401 2901 in
421 2839 576 2922 Galweya
590 2838 753 2914 derelicta,
768 2837 872 2901 navim
890 2837 984 2901 aliam
1000 2835 1107 2912 subiit,
1125 2836 1238 2900 etalio

84 2940 192 3010 portu,
213 2925 267 3012 qui
285 2925 473 3011 Letherpen
489 2924 616 3003 dicitur,
629 2927 662 2988 iu
677 2924 891 3009 Erregaithle,
902 2946 975 3010 quae
986 2938 1033 2987 est
1044 2936 1130 2987 terra
1145 2923 1238 2988 Scot-

84 3031 205 3092 torum,
224 3013 389 3099 applicuit.
438 3015 555 3078 Portus
571 3013 625 3075 ille
642 3013 725 3075 iuter
742 3011 944 3100 Erregaithle
960 3023 993 3075 et
1012 3010 1142 3095 lucegal
1157 3011 1235 3076 situs

85 3116 144 3179 est,
162 3102 253 3166 lacus
271 3123 357 3176 veru,
375 3103 430 3187 qui
453 3101 498 3164 ibi
520 3103 688 3186 proximus
704 3099 840 3184 adjacet,
858 3099 1014 3164 Loicafan
1030 3111 1163 3164 vocatus
1178 3110 1235 3165 est.

83 3189 159 3253 Non
178 3205 285 3254 tamen
302 3189 439 3275 amplius
456 3212 551 3276 quarn
565 3202 630 3254 tres
651 3188 710 3254 viri
726 3210 800 3252 cum
816 3198 920 3253 matre
935 3200 967 3252 et
982 3186 1051 3251 filio
1062 3188 1235 3253 extiterant

80 3279 136 3363 qui
152 3276 387 3364 applicuerant.
582 3287 583 3290 ’

545 3577 661 3666 [one.
679 3575 774 3658 xa]

124 3799 293 3866 Exeuntes
316 3800 417 3888 igitur
440 3801 482 3864 ad
505 3802 610 3886 ignem
636 3825 670 3866 se
685 3798 941 3878 califaciendum,
958 3801 1034 3887 quia
1048 3798 1229 3886 hybernum

33 3924 36 3928 -
80 3897 210 3972 tempus
222 3888 336 3968 extitit,
349 3902 536 3953 construere
546 3890 700 3967 volentes,
713 3889 797 3953 sicea
806 3901 968 3952 sarmenta
979 3888 1229 3974 circumquaque

80 3995 121 4036 ex
148 3976 300 4061 vepribus
332 3977 515 4041 miricarum
546 3978 756 4061 collegerunt,
785 3990 817 4040 et
844 3975 1044 4060 aggregatim
1069 3975 1101 4037 in
1130 3995 1229 4036 unum

79 4059 188 4126 locum
215 4078 478 4151 composuerunt.
525 4067 572 4128 At
595 4068 670 4151 quia
696 4065 785 4128 locus
801 4063 867 4148 ipse
889 4062 1057 4126 latrocinia
1071 4083 1108 4124 ao
1124 4059 1228 4123 homi-

79 4145 163 4214 cidia
179 4173 252 4215 cum
268 4153 386 4236 praedis
402 4165 435 4218 et
451 4151 570 4238 rapinis
586 4151 807 4216 exercentium
822 4148 969 4235 proprius
986 4161 1044 4226 est,
1062 4147 1167 4213 sicarii
1182 4147 1228 4213 ibi

77 4253 241 4305 morantes
265 4239 466 4321 accedentes,
491 4254 524 4305 et
540 4239 679 4304 armillas
695 4261 806 4304 aureas
821 4238 855 4301 in
871 4235 1010 4301 brachiis
1025 4235 1142 4302 nobilis
1158 4259 1228 4302 mu-

12 4331 24 4366 l
77 4319 164 4392 lieris
188 4325 303 4396 elarius
326 4325 470 4398 relucere
493 4325 650 4407 videntes,
667 4345 755 4394 caeca
778 4322 986 4412 oupi[di]tate
1002 4321 1102 4406 ducti,
1119 4322 1227 4393 subito
