3094 5292
306 497 355 574 36
743 528 836 578 vrrn
864 531 1001 581 oswnvr

308 689 491 774 praesidium
507 690 663 780 confugit,
680 703 714 757 et
734 691 874 758 loculum
890 694 957 779 ejus
973 693 1118 759 devotius
1134 695 1332 776 deosculans,
1349 711 1380 763 et
1401 698 1437 764 ad

310 777 449 842 faucium
465 790 623 844 tumorem
639 779 866 866 constringens,
882 781 1048 848 instantius
1064 805 1122 868 pro
1138 784 1272 850 sanitate
1296 787 1352 850 sua
1372 811 1438 873 sup·

310 865 451 951 plicavit,
465 879 499 931 et
509 866 716 933 incontinenti
731 891 790 953 pro
802 885 878 934 voto
890 869 1041 955 optinuit.
1054 870 1158 936 Dolor
1169 872 1286 958 quippe
1301 874 1438 939 dentium

310 954 352 1018 ad
367 953 510 1020 osculum
524 954 620 1021 loculi
642 955 749 1021 statim
771 957 894 1042 effugit,
911 970 945 1022 et
966 958 1104 1023 faucium
1120 972 1226 1024 tumor
1241 960 1282 1026 ad
1297 964 1365 1048 ejus
1380 975 1439 1027 tac-

311 1055 380 1106 tum
395 1041 533 1119 resedit3
557 1042 772 1132 fratribusque
788 1056 855 1110 tam
876 1045 972 1110 citam
987 1046 1194 1112 valitudinem
1210 1049 1315 1114 vultirs
1331 1049 1439 1136 hylari·
1528 1051 1529 1094 l

309 1142 377 1196 tate
398 1130 518 1216 pariter
540 1145 572 1195 et
595 1130 734 1196 faucium
756 1133 890 1218 exploso
912 1146 1037 1199 tumore
1061 1134 1209 1214 innotuit,
1227 1148 1260 1201 et
1283 1138 1315 1200 in
1339 1139 1440 1204 Sancti

309 1217 464 1306 Martyris
479 1219 606 1284 laudem
618 1234 652 1286 et
667 1243 808 1288 amorem
823 1221 1088 1288 ferventissimum
1104 1246 1212 1289 omnes
1227 1225 1384 1292 accendit.

308 1486 408 1554 CAP.
429 1485 736 1564 XXIL—Qualr'tcr
757 1488 802 1549 ad
819 1495 985 1561 contactam
1000 1487 1117 1570 lepidis
1133 1493 1188 1572 qui
1201 1491 1330 1554 bodam
1347 1496 1441 1555 saneti

393 1576 531 1655 corporis
544 1576 701 1651 suafaeat,
717 1575 892 1639 Baetertdus
904 1579 997 1657 prior
1010 1578 1050 1640 ub
1065 1577 1367 1659 irfirmitutcmantla
1382 1600 1441 1644 sac

354 1837 472 1902 Relatu
497 1837 631 1901 fratrum
657 1835 878 1921 religiosorum
907 1837 962 1924 qui
984 1837 1208 1917 interfuerunt,
1233 1836 1329 1904 didici
1359 1843 1442 1926 quod

307 1926 424 1991 refero.
472 1926 510 1990 ln
533 1923 725 1990 monasterio
745 1925 853 1988 Sancti
872 1925 992 1991 Oswini
1017 1925 1117 2011 Regis
1139 1944 1173 1991 et
1198 1927 1360 2014 Martyris,
1376 1941 1443 1992 erat
1528 1947 1529 1950 ’

307 2014 438 2101 quidam
469 2012 561 2078 Prior
590 2011 719 2076 nomine
751 2013 946 2091 Ru'elendus,
971 2032 1100 2078 manum
1126 2016 1216 2100 cujus
1240 2013 1442 2081 intolerabilis

307 2113 519 2188 occupaverat
547 2101 724 2164 infirmitas.
791 2101 875 2175 Quae
906 2103 1070 2167 infirmitas
1107 2125 1165 2190 per
1202 2101 1270 2168 dies
1306 2104 1443 2194 singulos

307 2213 462 2269 crescens,
486 2211 613 2254 omnem
636 2187 747 2253 manile
770 2188 852 2253 illius
874 2213 965 2255 usum
981 2205 1153 2278 negaverat
1165 2214 1174 2268 ;
1197 2191 1366 2280 nervisque
1381 2204 1445 2256 stu·

307 2277 456 2364 pentibus
486 2291 520 2342 et
549 2275 754 2341 articulorum
784 2278 923 2342 officium
952 2279 1160 2367 negantibus„
1175 2278 1277 2343 virum
1301 2280 1318 2345 a
1341 2279 1444 2344 missae

306 2365 521 2430 celebratione
537 2363 592 2428 diu
608 2365 828 2449 suspenderat.
853 2365 1035 2430 Condolens
1050 2366 1158 2453 itaque
1172 2366 1231 2431 sibi
1246 2367 1334 2454 quod
1349 2368 1446 2432 devo-

308 2454 395 2518 tione
411 2453 504 2516 solitb
525 2453 730 2516 frustraretur
752 2453 912 2552 languoris
934 2455 1111 2534 occasione,
1128 2455 1170 2519 ad
1192 2455 1319 2520 thecam
1338 2454 1445 2520 Sancti

308 2540 462 2627 Martyris
491 2539 642 2616 accessit3
669 2554 703 2604 et
732 2553 909 2606 orat1onem
935 2540 1101 2606 instantius
1130 2543 1277 2622 fundens,
1307 2543 1446 2628 lapidem

307 2629 471 2714 amplexus
495 2642 544 2693 est
565 2627 617 2692 cui
644 2628 738 2692 theca
757 2629 825 2713 ejus
851 2629 1050 2714 superposita
1071 2643 1162 2708 erat3
1186 2643 1219 2695 et
1234 2630 1387 2696 continuo
1402 2630 1448 2696 ita

308 2719 478 2782 subsecuta
493 2728 541 2782 est
556 2717 685 2794 sanitas,
696 2730 732 2780 ut
746 2738 809 2780 non
820 2716 906 2802 prius
922 2718 1007 2782 idem
1018 2741 1146 2782 manum
1156 2732 1332 2796 amoveret,
1344 2719 1447 2784 donec

305 2807 350 2871 ad
372 2807 501 2892 plenum
524 2829 582 2893 per
602 2805 718 2870 merita
738 2805 866 2890 gloriosi
889 2805 1041 2892 Martyris
1064 2806 1204 2893 pristinae
1226 2807 1449 2878 restitueretur

305 2894 445 2963 sanitati.
942 2896 944 2899 ’

303 3159 408 3226 cAP.
426 3159 598 3224 XXIIL-
607 3161 658 3222 De
680 3160 762 3240 tynis
783 3162 953 3224 materialis
973 3163 1164 3238 extinctione,
1183 3169 1213 3224 et
1229 3161 1265 3224 dc
1276 3160 1389 3243 fratre
1411 3163 1453 3225 ab

604 3249 706 3310 codem
721 3250 858 3312 incendio
866 3268 927 3330 per
940 3269 1006 3312 eam
1020 3251 1155 3312 liberato.

355 3425 453 3511 Cujus
470 3421 527 3486 viri
543 3434 687 3507 tempore
706 3420 876 3500 Ruelendi,
893 3422 1026 3507 contigit
1049 3422 1179 3486 domum
1199 3423 1359 3510 quandam
1374 3423 1453 3524 igne
1528 3457 1529 3500 ;

309 3511 457 3578 succendi
472 3525 504 3574 et
519 3510 552 3573 in
566 3510 705 3574 favillam
720 3509 833 3594 redigi,
850 3532 923 3596 quae
938 3509 1186 3574 domesticorum
1200 3511 1362 3596 hospitum
1378 3535 1455 3575 usur
1528 3509 1529 3544 ³

308 3599 500 3675 deserviens,
524 3598 556 3662 in
579 3599 651 3662 loco
674 3597 837 3663 secretiori
860 3597 931 3676 sita,
948 3598 1082 3663 fratrum
1103 3598 1274 3663 refectorio
1300 3599 1456 3684 proxima
1528 3613 1529 3634 ¹

307 3702 388 3766 erat,
405 3700 437 3751 et
454 3687 640 3750 dormitorio
656 3685 815 3770 contigua.
865 3685 1027 3773 Erantque
1050 3686 1170 3771 pariter
1185 3700 1219 3751 et
1233 3687 1347 3750 domus
1366 3710 1456 3773 prae-

307 3777 397 3856 fata,
416 3787 449 3839 et
473 3774 705 3851 dormitorium,
734 3769 849 3857 stipuld
869 3775 1032 3857 cooperta,
1081 3774 1223 3862 Eratque
1246 3787 1359 3840 ventus
1384 3797 1456 3840 non

294 3864 449 3928 modicus
475 3863 589 3948 partim
620 3863 660 3926 ab
691 3860 857 3925 occidente
883 3860 1024 3939 veniens,
1056 3873 1089 3926 et
1118 3862 1231 3926 domus
1261 3862 1376 3928 ardens
1410 3863 1458 3927 ad

308 3965 449 4017 austrum
461 3952 574 4037 posita,
592 3951 732 4015 habebat
754 3949 795 4012 ad
811 3948 992 4036 aquilonem
1005 3949 1058 4014 vix
1074 3950 1199 4015 duobus
1214 3950 1356 4035 passibus
1372 3951 1395 4016 a
1418 3975 1457 4015 se

306 4041 425 4105 distans
448 4038 653 4104 refectorium
674 4050 708 4100 et
731 4049 835 4100 totum
858 4059 971 4122 corpus
998 4037 1205 4114 monasterii3
1229 4039 1271 4102 ad
1293 4038 1457 4104 orientem

307 4151 383 4200 vcro
399 4127 630 4202 dormitorium,
648 4124 699 4188 cui
722 4137 758 4188 ut
781 4123 977 4202 dictumest,
995 4140 1064 4190 erat
1079 4138 1113 4190 et
1131 4125 1203 4190 loco
1225 4126 1393 4227 contigua,
1421 4141 1459 4192 et

305 4216 421 4301 stipula
436 4214 512 4280 tecti
528 4212 696 4288 simillima.
743 4211 820 4296 Nox
843 4227 923 4292 erat,
941 4227 973 4278 et
995 4215 1108 4278 fratres
1126 4216 1194 4300 jam
1217 4226 1460 4279 matutinorum

306 4304 410 4368 officia
431 4301 656 4388 persolverant,
674 4313 707 4364 et
729 4302 882 4384 pausandi
905 4302 1007 4386 gratia
1022 4303 1064 4366 ad
1078 4315 1178 4366 strata
1192 4325 1249 4366 sua
1263 4302 1435 4367 redierant
1450 4327 1460 4380 ;

306 4414 451 4477 unusque
463 4391 596 4454 fratrum
612 4387 761 4452 secretius
774 4388 931 4474 ingressus
947 4389 1179 4467 dormitorium,
1190 4403 1224 4454 et
1238 4389 1328 4454 furno
1343 4393 1461 4476 reple-

307 4493 376 4543 tum
391 4477 567 4555 admirans,
578 4477 739 4562 prospexit
756 4483 813 4562 pel
835 4477 1006 4542 fenestram
1020 4501 1029 4552 ;
1052 4478 1245 4565 domumque
1262 4479 1461 4564 contiguam

306 4589 470 4632 accensam
491 4589 560 4631 esse
584 4565 750 4651 comperit,
779 4565 990 4654 fratribusque
1015 4557 1200 4632 festinanter
1228 4578 1307 4630 nutu
1340 4571 1462 4653 potius
