3132 5286
572 509 810 564 CUTHBERTI.

255 685 277 721 “
294 676 343 742 Ut
358 697 469 760 poenas
484 673 597 753 vitent,
614 673 723 738 miseri
738 672 891 757 fugiendo
907 672 1088 759 requirent:

256 773 277 804 “
294 763 359 828 His
374 775 461 827 certe
476 762 585 840 vitam,
603 784 722 838 curam,
739 783 917 845 pacemque
933 761 1073 843 petitam,

255 859 277 891 “
295 850 344 915 Ut
358 849 562 925 conservetis,
580 862 693 912 contra
707 848 808 910 fortes
824 848 996 934 satagetis:

257 947 277 978 ‘⁶
294 937 417 1002 Contra
433 959 497 999 non
512 938 607 1000 mites
623 937 727 1019 pariet
742 933 1007 1000 discordialites:

254 1033 276 1066 “
291 1013 355 1088 llic
367 1024 457 1088 labor
470 1034 518 1086 est
535 1023 652 1087 multus
660 1023 748 1088 ‚tales
764 1043 915 1106 superare
931 1020 1098 1085 tumultus.
1118 1076 1121 1080 .

254 1111 367 1177 Coetus
383 1112 424 1176 ad
440 1110 510 1174 haec
522 1109 656 1174 fratrum
670 1108 730 1173 sibi
746 1104 824 1174 dicit
836 1121 868 1172 et
884 1109 946 1172 hoc
962 1108 1031 1173 fore
1047 1120 1185 1195 gratum,

253 1201 303 1264 Ac
318 1199 389 1262 leve
405 1199 487 1262 dura
501 1197 569 1282 pati
583 1219 642 1281 pro
657 1218 794 1280 corpore
809 1198 911 1282 patris
927 1195 1059 1261 humati.

251 1285 459 1371 Compatiens
474 1285 571 1361 natis,
586 1297 681 1370 pater
695 1297 730 1348 et
738 1285 848 1369 presul
863 1285 1003 1367 pietatis,

253 1372 399 1437 Consilio
411 1372 496 1438 fatus
512 1372 569 1436 das
585 1392 750 1438 assensum
766 1373 951 1446 miseratum

251 1460 321 1524 Das
337 1462 382 1526 ita
396 1459 535 1532 dicendo
550 1459 618 1526 latu
635 1459 768 1524 nimium
784 1459 974 1536 reverendo,

227 1553 229 1558 '
251 1556 274 1588 “
290 1547 373 1612 Cum
385 1549 535 1633 precibus
550 1547 658 1611 multis
673 1569 746 1612 mea
760 1557 838 1610 vota
851 1548 1015 1610 revincere
1030 1545 1139 1622 vultis,

251 1643 272 1674 ‘·
290 1635 338 1701 Ut
354 1635 560 1699 Lindisfarne
570 1635 697 1718 jaceam
712 1648 787 1717 post
800 1633 913 1698 funera
928 1654 1039 1698 carne:
1137 1681 1140 1688 .

250 1730 272 1762 “
289 1721 418 1807 Templi
433 1723 563 1786 secretis
578 1721 686 1805 placet
701 1721 785 1784 hanc
801 1720 991 1784 tumulando
1006 1717 1140 1797 locetis,

246 1818 269 1852 ‘⁶
287 1807 365 1873 Huc
380 1821 417 1873 ut
431 1809 556 1894 possitis
571 1807 724 1874 accedere
740 1807 871 1895 quando
886 1805 1006 1882 velitis;

249 1905 273 1938 “
290 1895 339 1961 Sit
355 1897 451 1961 vestri
461 1897 542 1978 juris
558 1908 703 1960 nostrum
721 1894 879 1960 tumulum
896 1896 1041 1980 petituris

249 1993 270 2025 “
286 1984 340 2048 An
356 1985 546 2069 permittatis
563 1982 681 2048 intrare
696 1984 802 2049 locum
819 1982 1003 2068 penetralis.

248 2069 311 2134 His
326 2073 373 2136 ita
387 2073 562 2156 permissis,
580 2072 730 2135 monachi
745 2071 930 2136 refoventur
945 2071 986 2134 ab
1002 2069 1096 2154 ipsis3

252 2157 295 2221 Et
308 2159 452 2230 referunt
466 2168 574 2241 grates
590 2156 648 2221 tibi
662 2159 752 2222 flexo
767 2157 899 2241 poplite,
917 2170 1015 2232 vates,

246 2244 307 2320 Te,
325 2259 416 2331 pater
431 2247 526 2320 alme,
540 2260 630 2330 peto,
645 2245 738 2322 votis,
755 2245 948 2322 venerande,
966 2245 1092 2322 favet03
1121 2291 1123 2298 >

249 2332 378 2398 Scilicet
394 2347 429 2398 ut
442 2355 583 2411 noscam,
602 2355 674 2420 quae
692 2335 756 2397 sint
771 2356 843 2420 quae
859 2332 958 2416 digna
972 2354 1160 2416 reposcam;

248 2418 297 2484 Ut
309 2443 443 2506 poscens
460 2420 558 2506 digna
573 2421 696 2503 capiam
711 2423 829 2505 pietate
846 2420 996 2507 benigna.

204 2745 326 2831 [CAP.
345 2743 694 2828 XXXVIL]-and
715 2749 889 2808 ministrum
911 2768 997 2810 suurn
1013 2771 1033 2810 a
1054 2751 1174 2832 proflu-

473 2838 524 2897 oio
538 2837 700 2914 sanquinis
714 2833 900 2896 liberaverit.

244 3043 450 3128 Appropians
465 3043 530 3108 leto
546 3042 642 3107 sudas
658 3042 851 3108 cruciamine
862 3042 958 3120 loeto;

245 3132 351 3198 Febre
366 3131 522 3219 fatigaris,
540 3131 598 3196 sed
613 3143 703 3196 certa
717 3153 773 3215 spe
788 3132 961 3208 recrearis;

246 3220 287 3284 In
302 3232 437 3285 mortem
454 3220 563 3297 fessus,
577 3221 717 3304 portaris
733 3218 774 3284 ad
789 3233 881 3283 antra
896 3241 1039 3285 recessus
1052 3245 1060 3295 ;

244 3307 373 3373 Scilicet
388 3327 482 3372 antra
496 3329 638 3390 precum,
653 3327 717 3391 qua
731 3307 833 3369 multo
850 3319 993 3388 tempore
1011 3325 1117 3374 tecum

242 3395 359 3458 Nullus
375 3395 524 3478 degebat,
541 3392 686 3477 nullique
701 3392 809 3454 subire
824 3391 951 3456 licebat.

244 3482 309 3547 Sed
326 3501 421 3558 nunc,
440 3493 560 3556 oratus,
578 3484 705 3564 patiens
722 3480 839 3543 modici
855 3481 1038 3559 famulatus,

246 3568 322 3632 Huc
339 3589 446 3632 comes
462 3567 598 3643 intrasti,
617 3568 671 3631 sed
687 3587 765 3629 mox
781 3567 929 3630 comitem
947 3573 1119 3654 reparasti:

247 3657 330 3721 Nam
351 3655 577 3720 Walchstodod
594 3654 751 3740 languens
764 3655 956 3744 congaudet,
971 3671 1014 3736 te,
1027 3661 1089 3743 pie,
1104 3677 1258 3751 tangens:

243 3743 332 3809 Dum
349 3759 381 3809 te
396 3745 550 3828 tangebat
565 3745 684 3808 ventris
700 3744 856 3832 languore
872 3745 1012 3810 carebat.

241 3832 274 3895 Ο
289 3832 342 3918 pie
360 3831 559 3898 Cuthbertel
584 3846 713 3920 tangam
730 3832 874 3897 coelestia
889 3853 946 3920 per
962 3848 1014 3911 te3

243 3918 406 3987 Contactu
421 3922 546 3999 mentis,
563 3923 668 3986 sanari
683 3921 728 3986 sic
745 3922 893 3987 sitientis.
