3132 5286
574 456 810 514 curtracum.
1189 435 1260 504 ‘105

238 623 304 690 sed
317 623 429 709 potius
444 623 563 708 gaude,
587 625 795 712 gaudensque
810 645 870 709 per
886 620 994 687 omnia
1009 616 1126 705 plaude
1139 639 1149 694 3

234 711 309 796 Ipse
324 711 387 775 viae
401 710 473 776 talis
489 735 597 778 comes
613 711 684 790 ibis,
700 734 775 774 care
792 710 932 775 sodalis:

235 798 344 863 Ambo
359 798 463 862 festivi
486 799 598 864 melius
614 811 687 884 post
701 799 816 862 funera
831 798 893 862 vivi

233 887 342 951 Coelos
357 887 514 951 intrantes
531 886 574 952 ibi
590 887 796 951 convivemus
811 885 973 950 ovantes'ss’

236 973 354 1058 Omnia
376 988 533 1039 venerunt
548 975 636 1039 velut
651 997 670 1038 a
685 986 717 1038 te
732 974 820 1038 dicta
833 972 973 1050 fuerunt,

233 1061 381 1148 Digressi
402 1084 557 1147 quorsum
572 1061 633 1126 fuit
648 1062 746 1146 optio,
764 1061 898 1148 quisque
914 1080 1079 1131 seorsum3

232 1149 309 1211 Non
324 1147 427 1213 oculis
443 1149 545 1214 carnis
562 1173 617 1214 vos
633 1148 844 1233 conspexistis
860 1149 893 1212 in
909 1149 1004 1224 arvis,

233 1236 297 1301 Sed
312 1237 399 1322 quod
414 1237 581 1322 quaesistiS,
595 1239 732 1322 petistiS,
749 1237 889 1314 amastis,
903 1236 944 1299 ab
959 1232 1028 1300 istis

234 1323 322 1387 Hinc
338 1324 433 1388 simul
449 1328 563 1411 erepti,
579 1324 703 1388 mundo
717 1322 868 1411 coelisque
882 1325 1005 1408 recepti

138 1472 143 1480 .
230 1409 435 1475 Momentum
451 1413 610 1498 peridem
627 1414 748 1498 pariter
763 1412 906 1498 regnatis
921 1410 1054 1475 ibidem.

230 1497 341 1562 Incola
356 1497 443 1566 nunc
465 1500 548 1578 coeli,
572 1501 620 1565 fer
635 1522 741 1586 opem,
757 1515 845 1584 peto,
863 1498 963 1563 menti
978 1494 1090 1569 fideli;

226 1585 346 1650 Infima
359 1599 467 1653 mente
484 1600 611 1664 terram,
629 1611 702 1674 quae
719 1598 795 1651 sunt
811 1608 910 1671 super
925 1584 1048 1649 aethera
1062 1598 1218 1668 quaeram,

230 1673 345 1738 Vivam
361 1696 426 1738 non
441 1675 575 1751 mundo,
591 1675 648 1742 sed
663 1673 752 1741 ecelis
768 1684 901 1758 pectore
916 1672 1058 1746 mund03

227 1759 293 1828 Fac
308 1763 428 1826 virtute
439 1783 571 1844 precum
587 1784 652 1850 quo
666 1780 801 1851 possum
814 1759 925 1825 vivere
940 1772 1058 1823 tecum.

201 2097 317 2181 [CAP.
342 2096 668 2185 >orvilla-azau
687 2118 807 2162 servum
824 2099 951 2163 Comitis
964 2095 1132 2162 sanaverit.

225 2323 375 2390 Heroum
391 2325 520 2390 cuidam
534 2323 687 2411 praebens
703 2323 875 2389 servimina
889 2322 1021 2411 quidam

223 2413 315 2479 Tabe
330 2415 423 2502 gravi
437 2436 567 2499 pressus
582 2412 804 2506 languebatlin
818 2411 933 2477 ultima
947 2411 1064 2484 sessum

221 2501 294 2568 Jam
309 2524 376 2566 non
391 2500 557 2586 languenti
571 2501 628 2566 sed
644 2512 712 2565 erat
726 2499 838 2564 similis
853 2499 1024 2565 morienti:

221 2589 286 2654 Sed
301 2588 397 2675 pestis
413 2589 497 2655 victa
511 2588 570 2654 tibi
586 2587 671 2654 cedit
687 2612 770 2676 aqua
780 2587 964 2665 benedicta,

219 2675 326 2761 AEgro
340 2700 400 2762 per
415 2679 587 2828 guendam,
604 2700 700 2826 (paam
717 2677 783 2753 das,
803 2673 995 2753 Cuthberte,
1011 2668 1205 2740 bibendam3

221 2765 300 2850 Ejus
316 2766 350 2829 in
366 2789 402 2830 os
433 2789 497 2843 usa,
512 2766 601 2830 tabes
632 2763 701 2851 ugit
717 2763 792 2827 inde
807 2776 933 2828 retrusa
942 2785 952 2838 ;

220 2853 331 2947 Surgit
346 2866 379 2918 et
393 2854 529 2931 exultat,
546 2852 662 2917 domus
678 2852 782 2915 omnis
796 2850 893 2916 laude
907 2848 1050 2916 resultat.

226 3214 344 3298 [CAP.
368 3211 641 3294 XXIX-Quod
653 3235 777 3280 onorem
799 3215 924 3280 Comitis
937 3216 1101 3280 curaverit.

219 3439 419 3505 Circumiens
435 3437 537 3515 villas,
554 3437 713 3502 lustrabas
728 3446 839 3522 pastor
853 3435 978 3500 ovillas:

216 3528 312 3592 Laeta
334 3524 401 3590 dies
428 3523 548 3590 Comiti
565 3537 598 3589 te
612 3524 759 3590 redditur
774 3523 899 3610 hospite
914 3521 1001 3588 miti:

217 3615 284 3681 Pro
299 3629 450 3679 consorte
465 3612 550 3678 thori
567 3613 642 3678 satis
657 3625 769 3702 egerat
789 3612 844 3678 ille
859 3611 978 3690 dolori,

217 3703 326 3780 Quam
340 3702 477 3791 languor
492 3701 595 3778 fortis,
611 3724 729 3792 cogens
746 3701 788 3766 ad
802 3698 914 3765 limina
927 3700 1057 3776 mortis;

216 3791 261 3857 Et
277 3790 370 3854 dolor
384 3789 557 3856 immensus
581 3790 700 3856 tulerat
723 3790 764 3854 de
779 3811 916 3876 corpore
933 3811 1054 3856 sensus.

215 3878 281 3943 Vix
295 3890 483 3966 angustatus
499 3878 661 3944 recalebat
683 3891 814 3964 pectore
828 3879 945 3954 flatus;

217 3966 282 4031 Sed
297 3966 445 4030 miseram
460 3967 579 4044 reficis,
595 3989 652 4050 per
667 3965 831 4053 limpham,
847 3989 945 4053 quam
960 3961 1143 4029 benedicis:

217 4053 323 4139 Hujus
338 4077 431 4142 aquae
446 4064 532 4118 tactu
548 4054 586 4118 fit
600 4052 630 4117 ei
644 4054 791 4120 mirabile
804 4054 912 4120 factu:

215 4141 302 4206 Nam
316 4144 430 4208 mortis
446 4140 571 4206 cladem
586 4160 654 4204 nox
669 4141 748 4207 hora
762 4143 854 4228 pellit
868 4140 991 4205 eadem.

213 4228 388 4294 Incolumis
403 4230 462 4294 tibi
478 4241 541 4294 stat
555 4228 682 4307 mulier,
699 4232 879 4316 mensisque
895 4227 1072 4300 ministrat3

215 4317 371 4402 Prompta
385 4318 531 4381 ministra
546 4317 603 4396 tui,
620 4338 787 4404 perquem
802 4316 887 4383 redit
902 4315 970 4396 ipsa
983 4312 1088 4378 saluti.

213 4405 360 4495 Languit
374 4407 409 4472 in
424 4404 505 4472 cella
520 4405 700 4472 miseranda
714 4405 827 4470 dolore
842 4402 959 4489 puella,

655 4513 675 4557 u
