3132 5286
305 439 356 508 80
680 453 869 510 erasmus
896 455 947 508 nr
974 457 1081 509 caru·

304 621 411 706 pueris
439 620 535 685 solito
558 642 648 684 more
664 619 860 699 ludentibus,
881 622 1079 686 Cuthbertus
1095 643 1129 684 se
1146 620 1230 706 jocis
1245 619 1388 705 ipsorum
1406 618 1454 681 in-

305 709 416 786 seruit,
432 723 466 772 et
482 732 554 773 cum
566 709 752 793 jocantibus
767 711 835 794 ipse
852 709 927 773 satis
937 709 1099 793 jocundus
1115 708 1274 794 apparuit.
1308 706 1453 784 Quidam

305 820 384 879 ergo
401 797 495 875 saltu,
521 797 574 860 alii
599 796 805 874 luctuamine‚
832 797 883 860 vel
899 797 962 861 alio
977 797 1088 883 quovis
1104 798 1283 860 sinuamine
1300 817 1453 859 exercere
1555 835 1556 842 κ

304 887 471 951 ου;,ιῖ)αηῖ.
519 884 676 948 Nonnulli
700 886 818 949 vertice
843 885 955 969 capitis
979 887 1011 948 in
1035 899 1156 949 terram
1179 885 1344 968 depress0,
1363 882 1449 966 pede

304 986 442 1057 utroque
458 971 492 1035 in
508 971 633 1036 sullime
644 987 805 1056 porrecte,
818 993 852 1036 se
864 973 1029 1060 subrigere
1041 972 1260 1037 decertabant.
1302 971 1451 1044 Quorum

281 1105 284 1112 ·
305 1059 459 1124 aemulans
486 1059 682 1125 Cuthbertus
697 1061 898 1138 industriam,
916 1059 1020 1145 capite
1036 1060 1196 1124 solotenus
1208 1059 1304 1137 illiso,
1323 1072 1354 1122 et
1369 1057 1451 1142 pede

305 1160 445 1234 utroque
469 1149 502 1211 in
530 1147 629 1212 altum
655 1164 816 1233 porrecto,
842 1149 960 1212 mirum
976 1147 1009 1211 in
1031 1148 1161 1212 modum
1177 1160 1282 1212 vestes
1297 1146 1381 1209 illius
1394 1169 1452 1209 ne·
1556 1212 1557 1226 p

304 1237 448 1300 sciebant
458 1235 617 1312 decidere,
634 1236 691 1299 sed
703 1236 771 1301 sine
786 1235 993 1320 replicatione
1008 1235 1111 1323 rigide
1127 1237 1264 1302 stabant.
1315 1232 1452 1297 Reflecti
1556 1281 1557 1304 t

305 1323 435 1411 quidem
460 1323 640 1399 noluerant,
666 1325 725 1387 sed
748 1325 832 1387 circa
855 1324 947 1388 tibias
971 1323 1064 1409 pueri
1088 1323 1254 1397 involutae,
1275 1321 1303 1385 ei
1319 1319 1451 1385 honoris
1556 1331 1557 1338 ’

303 1412 516 1476 reverentiam
540 1409 744 1474 exhibebant.
792 1409 869 1474 Hoc
885 1414 1024 1495 primum
1040 1411 1228 1476 miraculum
1244 1410 1276 1472 in
1292 1423 1378 1474 terra
1389 1411 1453 1472 ista

303 1498 345 1562 de
372 1521 474 1582 puero
501 1496 555 1560 illo
581 1498 734 1573 innotuit,
762 1521 826 1583 quo
854 1498 990 1582 Spiritus
1019 1501 1152 1564 Sanctus
1180 1501 1284 1584 ipsum
1309 1498 1370 1560 sibi
1396 1519 1450 1560 vas

304 1587 448 1650 futurum
473 1583 586 1669 gloriae
612 1587 829 1672 praesignavit.
876 1586 984 1650 Locus
1008 1586 1076 1672 ipse
1101 1589 1196 1651 etiam
1221 1583 1450 1650 adhucincolis

304 1673 416 1759 patriae
429 1674 610 1737 notissimus
626 1673 774 1750 habetur,
787 1675 820 1736 in
836 1696 901 1759 quo
916 1697 1000 1739 nunc
1016 1675 1058 1738 ob
1074 1673 1158 1738 illius
1173 1675 1331 1738 honorem
1347 1673 1450 1736 eccle·
1556 1679 1557 1712 ³

302 1764 349 1827 sia
375 1761 520 1826 Domino
543 1775 769 1837 consecratur3
801 1763 919 1847 quique
955 1785 975 1826 a
1009 1785 1180 1847 puerorum
1217 1760 1448 1826 colludentium

302 1848 442 1937 agmine,
479 1871 581 1933 usque
615 1851 648 1912 in
678 1848 868 1913 hodiernum
905 1850 989 1913 diem
1024 1849 1285 1915 Childeschirche
1316 1861 1451 1912 vocatur

301 1935 552 2022 praeagnomine,
584 1934 630 1999 illi
660 1937 739 1999 dans
769 1935 901 2000 honoris
928 1942 1042 2002 aeterni
1072 1937 1300 2016 testimonium,
1329 1939 1384 2024 qui
1414 1937 1446 1998 in

300 2023 481 2090 aetetnitate
497 2023 575 2088 vivit
589 2022 621 2086 iu
637 2024 744 2088 secula
758 2025 949 2092 seculorum.

345 2164 487 2244 Eapls'cit
508 2163 647 2225 Libellus
673 2165 710 2226 de
734 2161 908 2226 Nativitute
932 2163 1040 2228 Sancti
1063 2162 1219 2228 Cuthberti
1232 2165 1269 2228 de
1285 2163 1450 2244 Hystorit's

301 2249 549 2332 Hybemaensium
564 2259 704 2333 exceptas
718 2259 748 2314 et
760 2252 939 2316 translatus.

735 2587 851 2673 [cae.
869 2585 1014 2666 xxm]

346 2810 428 2876 Post
453 2833 525 2875 uam
541 2810 654 2876 beatus
670 2833 751 2894 puer
768 2812 967 2878 Cuthbertus
983 2813 1016 2877 in
1033 2825 1151 2877 terram
1169 2812 1328 2876 Scoticam
1346 2814 1447 2898 appli-

299 2899 374 2975 cuit,
389 2901 420 2961 in
430 2834 564 2962 diversis
576 2900 695 2962 finibus
711 2901 893 2965 conversari
908 2901 1106 2987 aliquamdiu
1123 2900 1229 2984 coepit.
1279 2899 1321 2963 Et
1337 2901 1412 2986 quia
1427 2926 1447 2964 a

299 2989 453 3072 primaeva
468 3000 563 3050 aetate
582 2986 719 3070 Spiritus
739 2988 875 3052 Sanctus
890 2989 922 3050 in
939 2990 1007 3071 ejus
1024 3001 1154 3073 pectore
1170 2988 1229 3051 sibi
1245 2988 1443 3053 domicilium

299 3075 414 3151 effecit,
444 3074 627 3157 ubicunque
651 3074 762 3157 deguit
786 3098 910 3160 semper
927 3076 1084 3175 religiosae
1112 3076 1362 3139 conversationis
1378 3089 1447 3141 stu-

298 3163 386 3226 dium
414 3173 510 3245 atque
534 3161 734 3244 propositum
765 3164 874 3248 gessit.
920 3164 1061 3226 Veniens
1082 3163 1188 3249 itaque
1214 3164 1245 3226 in
1263 3165 1355 3242 urbe,
1373 3189 1445 3250 quae

299 3250 368 3314 Dul
391 3248 519 3326 dicitur,
538 3247 660 3312 urbana
687 3249 829 3313 deseruit
852 3265 884 3314 et
914 3251 1074 3314 solitarius
1100 3275 1168 3315 esse
1194 3251 1325 3335 delegit.
1388 3253 1447 3316 Est

880 3337 952 3434 gius
964 3339 1099 3402 miliario
1110 3361 1186 3416 uno,
1200 3339 1232 3401 in
1245 3339 1443 3403 silvestribus

298 3446 465 3489 nemorum
490 3423 580 3501 locis,
609 3447 702 3488 mons
730 3424 839 3489 multae
864 3426 1039 3490 altitudinis
1067 3429 1140 3490 satis
1164 3427 1294 3504 arduus,
1320 3427 1375 3511 qui
1403 3449 1445 3492 ex

297 3514 385 3578 nulla
410 3511 472 3576 nisi
502 3534 544 3575 ex
562 3511 630 3574 sola
656 3512 788 3576 australi
810 3527 903 3598 parte
933 3515 1015 3578 adiri
1031 3513 1095 3576 sive
1122 3514 1294 3578 conscendi
1325 3530 1441 3598 potest.

297 3602 365 3678 Qui
392 3622 484 3665 mons
511 3599 551 3662 ab
583 3599 693 3661 incolis
718 3599 799 3663 illius
822 3601 960 3689 regionis
986 3601 1166 3665 Doilweme
1190 3614 1333 3679 vocatur,
1358 3605 1440 3688 quod

295 3689 394 3752 latine
409 3709 486 3751 area
501 3685 672 3770 perpulcra
687 3700 719 3750 et
734 3709 861 3753 amoena
883 3692 1124 3775 interpretatur.
1172 3690 1211 3752 In
1228 3689 1322 3773 hujus
1346 3691 1444 3777 igitur

297 3775 413 3840 montis
436 3775 602 3837 cacumine
624 3778 744 3839 Beatus
769 3777 968 3841 Cuthbertus
989 3777 1148 3840 solitarius
1172 3779 1271 3860 coepit
1285 3777 1442 3856 habitare,

296 3876 469 3950 antequam
486 3861 591 3924 nullus
608 3861 775 3927 homiuum
799 3881 930 3949 propter
950 3864 1130 3950 frequentes
1145 3863 1296 3929 fantasias
1320 3865 1443 3929 daemo-

296 3973 372 4015 num
388 3951 476 4035 prius
492 3969 587 4012 ausus
603 3949 706 4014 fuerat
721 3973 843 4016 moram
859 3952 973 4016 lacere.
1022 3950 1083 4015 Cui
1096 3954 1202 4038 specie
1215 3951 1332 4016 visibili
1348 3953 1441 4017 simul

297 4055 329 4105 et
345 4037 479 4103 terribili
494 4038 593 4101 hostis
609 4039 758 4124 antiquus
775 4041 962 4103 multociens
975 4040 1133 4124 apparuit,
1152 4053 1184 4104 et
1201 4040 1291 4102 minis
1308 4042 1402 4104 simul
1414 4055 1448 4106 et
1485 4035 1488 4042 ’

293 4126 405 4212 jaculis
432 4127 464 4189 in
481 4148 554 4189 eum
577 4125 699 4189 irruens
720 4125 826 4210 ipsum
843 4127 884 4191 de
900 4127 972 4190 loco
988 4128 1180 4192 conturbare
1196 4130 1322 4214 sategit.
1376 4129 1442 4192 Sed

294 4236 404 4279 servus
428 4214 493 4278 Dei
512 4213 710 4279 Cuthbertus
727 4214 828 4277 minas
844 4213 1016 4282 adversarii
1032 4228 1271 4300 contempnens,
1290 4217 1331 4279 de
1355 4216 1441 4292 loc0‚

294 4325 389 4391 quern
412 4303 556 4377 incoluit,
589 4300 761 4364 abscedere
785 4303 897 4371 noluit.
944 4302 1008 4368 Sed
1034 4302 1108 4388 quia
1131 4305 1255 4367 mansio
1281 4302 1334 4366 illa
1358 4327 1444 4390 aqua

294 4407 364 4458 erat
378 4389 498 4474 indiga,
516 4401 630 4471 utpote
645 4385 680 4452 in
696 4390 813 4456 montis
829 4388 936 4458 saxosi
949 4390 1071 4454 vertice
1082 4392 1163 4466 sita3
1179 4392 1224 4456 ibi
1236 4391 1350 4456 beatus
1360 4415 1446 4478 puer

299 3337 457 3424 siquidem
473 3336 516 3400 ibi
530 3334 562 3398 in
575 3337 734 3420 proximo,
746 3359 810 3400 non
824 3337 878 3400 lon
