3132 5286
285 389 335 458 84
661 402 852 454 alrannus
878 401 930 454 ns
957 403 1061 455 oaru

284 569 464 635 dedicatur.
514 568 650 632 Sanctus
682 567 800 630 exinde
827 566 961 629 Domini
991 566 1054 630 illis
1085 566 1205 631 diutius
1232 566 1264 628 in
1291 567 1450 651 partibus·
1552 537 1553 572 ;

238 693 243 704 ·
283 657 402 719 morari
418 654 530 732 noluit,
546 655 602 718 sed
614 653 822 738 postmodum
838 654 1088 720 conversationis
1105 655 1236 719 alterius
1251 654 1325 719 loca
1340 654 1437 720 simul

283 759 315 807 et
333 758 407 808 vota
422 742 607 828 expetendo
623 743 828 827 permutavit.

631 1055 748 1134 [aar.
773 1052 1079 1136 xxviiia-Ana
1094 1057 1185 1121 rata.

231 1329 234 1334 ,
325 1282 489 1346 Moderno
512 1295 655 1362 tempore
672 1278 801 1364 quidam
818 1279 968 1380 solitariae
991 1281 1066 1344 vitae
1081 1279 1114 1343 in
1132 1280 1212 1344 silva
1227 1302 1301 1365 quae
1317 1279 1430 1362 lingua

282 1371 463 1454 Anglorum
481 1367 616 1430 Moddri
633 1367 750 1442 dicun,
763 1367 894 1449 deguit3
912 1367 966 1453 qui
983 1369 1070 1452 prius
1081 1369 1256 1431 monachus
1267 1367 1430 1451 professus

277 1459 310 1519 in
336 1455 515 1520 Luchefeld
533 1468 589 1518 ext
577 1454 652 1530 titit‚
670 1453 724 1538 qui
741 1453 937 1552 Radulphus
950 1456 990 1518 de
1010 1455 1116 1520 Nuers
1132 1456 1307 1522 dicebatur.
1344 1456 1431 1518 Con-

277 1543 350 1627 tigit
373 1545 512 1644 denique
545 1558 578 1604 ut
610 1500 746 1604 Piior
739 1542 847 1626 ipsius,
887 1541 975 1606 illum
1007 1539 1058 1606 ad
1080 1543 1269 1627 sollempnia
1301 1545 1430 1606 Sanctae

277 1631 395 1695 Mariae
417 1629 577 1706 invitaret,
602 1651 675 1714 quae
699 1629 816 1692 festivit
804 1642 849 1692 tas
873 1630 1058 1715 principalis
1074 1632 1160 1715 apud
1193 1631 1263 1693 illos
1279 1631 1378 1694 habet
1366 1643 1429 1694 tur.

280 1719 346 1794 Qui
362 1719 407 1782 nil
424 1731 562 1781 moratus
579 1716 717 1780 libenter
739 1730 794 1800 pat
796 1717 837 1780 ris
861 1717 909 1780 sui
930 1718 1041 1782 edictis
1058 1721 1115 1783 obt
1103 1734 1281 1802 temperare
1307 1718 1427 1794 volens,

275 1807 429 1906 quaelibet
459 1805 630 1868 commoda
665 1819 697 1866 et
722 1805 849 1888 ydonea
890 1804 1056 1906 proposito
1086 1806 1189 1870 itineri
1221 1805 1426 1890 praeparavit.

279 1893 400 1958 Nocte
393 1895 491 1980 1gitur
503 1893 621 1954 instant
623 1915 639 1954 e
652 1890 683 1952 in
695 1892 786 1975 cujus
797 1892 930 1955 diluculi
941 1896 1100 1957 matutino
1113 1908 1255 1978 tempore
1265 1893 1427 1978 proficisci

275 1982 442 2067 disposuit,
457 1993 530 2064 post
545 1977 618 2042 solit
606 1992 639 2042 to
652 1977 767 2064 quietis
784 1982 975 2063 sompnium,
993 1981 1116 2066 vigilias
1130 1982 1171 2044 de
1188 2003 1278 2044 more
1290 1983 1425 2067 peregit.

276 2071 320 2135 Et
336 2092 410 2134 ecce
442 2067 549 2131 subito
566 2066 663 2130 taedio
688 2068 812 2150 soporis
829 2068 1033 2170 opprimitur,
1058 2091 1218 2154 soporque
1241 2071 1427 2152 repentinus

274 2161 306 2222 in
323 2180 398 2221 eum
410 2155 512 2233 irruit,
536 2167 570 2218 et
586 2176 694 2218 sensus
710 2177 820 2218 omnes
844 2155 1012 2219 exterioris
1029 2157 1167 2220 hominis
1190 2155 1333 2220 abstulit.
1383 2156 1427 2219 Et

274 2269 349 2312 ecce
372 2258 504 2329 repente
527 2242 575 2304 vir
595 2242 725 2328 quidam
741 2244 952 2320 venerandus,
975 2259 1055 2328 pont
1043 2243 1151 2308 tificali
1167 2244 1299 2306 indutus
1315 2243 1424 2321 infula,

275 2333 305 2398 ei
318 2334 350 2397 in
366 2335 434 2396 visu
450 2329 600 2418 ymagina
599 2331 672 2393 liter
687 2329 853 2406 astitit‚et
821 2330 981 2394 etverbis
997 2330 1197 2396 lenioribus
1189 2353 1292 2415 ipsum
1309 2352 1426 2394 conve-

276 2421 367 2486 niens
383 2420 500 2483 intulit.
548 2427 570 2458 ‘⁶
583 2418 715 2492 Quare''
738 2417 842 2504 inquit
859 2419 1017 2483 “locum
1010 2433 1105 2484 istum
1122 2421 1153 2481 in
1170 2433 1260 2483 tanta
1274 2419 1425 2503 sollemp-

273 2508 375 2573 nitate
390 2503 557 2570 decrevisti
574 2505 731 2581 deserere,
754 2518 787 2567 et
816 2527 867 2569 me
883 2505 977 2590 hujus
1000 2507 1063 2570 loci
1089 2507 1253 2593 quondam
1276 2506 1425 2570 colonum

275 2608 308 2660 et
339 2616 424 2658 nunc
449 2607 688 2679 procuratorem
712 2592 847 2656 servicio
872 2593 936 2656 Dei
960 2595 1148 2658 destitutum
1172 2593 1424 2680 derelinquere?

277 2683 350 2771 Ego
373 2680 500 2768 quidem
528 2703 597 2743 sum
623 2680 822 2744 Cuthbertus
850 2680 1126 2745 Lindisfarnorum
1142 2682 1305 2780 quondam
1334 2682 1425 2766 Episn

273 2793 384 2856 copus,
401 2794 421 2833 a
438 2768 568 2834 Christo
591 2767 699 2831 divino
722 2791 855 2832 munere
879 2782 1091 2847 consecratus,
1109 2769 1283 2869 locusque
1276 2780 1335 2832 rste
1347 2769 1425 2833 olim

276 2881 347 2923 mea
371 2856 569 2921 habitatione
580 2881 599 2920 a
616 2857 690 2919 Deo
707 2870 797 2919 sanct
786 2855 990 2921 tificatust'
935 2860 1000 2921 est’
1047 2857 1195 2943 Antiquis
1206 2878 1283 2920 vero
1299 2871 1424 2956 tempo-

274 2946 362 3010 ribus
379 2944 450 3008 haec
468 2946 568 3008 Senot
572 2943 764 3006 iCuthberti
776 2944 881 3025 platea
897 2945 1073 3032 dicebatur,
1085 2945 1169 3046 unia
1171 2943 1348 3031 quicquid
1341 2958 1425 3009 intra

275 3033 365 3097 istius
392 3054 464 3094 arce
490 3045 581 3113 septa
611 3030 782 3092 introierat
808 3030 943 3093 illaesum
975 3033 1016 3095 ab
1047 3056 1135 3096 omni
1162 3033 1423 3097 incursurabido

273 3119 449 3185 ferarum
427 3141 493 3182 slve
508 3118 675 3180 hominum
700 3117 861 3180 custodire
887 3135 1108 3184 consueverat.
1157 3130 1177 3161 “
1191 3119 1289 3185 Unde
1304 3142 1423 3185 moneo

273 3222 310 3271 ut
325 3208 458 3272 ulterius
474 3206 580 3304 locum
596 3227 702 3267 meum
727 3207 823 3267 servit
825 3204 856 3267 io
881 3205 945 3269 Dei
968 3207 1149 3272 desolatum
1176 3231 1241 3271 non
1259 3208 1421 3272 ‹leserasss’

277 3295 404 3368 Quibus
419 3293 565 3370 dictis‚'
537 3315 585 3356 v1r
602 3292 666 3354 Dei
682 3316 701 3355 a
727 3292 808 3355 facie
823 3292 907 3356 illius
925 3296 1063 3395 evanuit,
1081 3313 1113 3360 et
1129 3295 1289 3360 solitarius
1310 3296 1395 3359 ille'
1387 3319 1420 3360 1n

271 3405 305 3447 se
322 3405 465 3448 reversus
482 3404 577 3468 quam
601 3379 695 3444 citius
711 3381 752 3443 de
768 3381 893 3464 sompni
905 3381 1025 3448 visione
1041 3385 1189 3461 surrexit,
1207 3407 1220 3446 s
1223 3385 1420 3467 tupel'aotus·

209 3541 212 3548 .
269 3493 332 3558 que
348 3486 381 3536 et
403 3482 625 3534 consternatus
648 3468 768 3531 diutius
791 3490 899 3531 secum
930 3493 1026 3555 super
1052 3471 1236 3572 hujusmodi
1263 3469 1418 3536 visionem

269 3560 378 3624 turbat
366 3575 427 3635 tur,
441 3556 632 3644 etquicquid
645 3554 798 3619 revelatio
810 3579 879 3640 ipsa
888 3571 961 3639 pro
949 3561 1097 3624 tenderet
1112 3559 1297 3623 examinare
1307 3559 1416 3643 coepit.

269 3646 321 3710 De
355 3647 458 3710 Beato
479 3645 608 3731 quidem
634 3642 817 3706 Cuthberto
848 3645 946 3707 nichil
977 3659 1108 3710 eatenus
1139 3659 1283 3712 noverat.
1334 3647 1416 3710 Cum

267 3735 338 3796 haec
354 3753 461 3796 secum
479 3743 585 3794 mente
610 3731 708 3793 tacita
730 3729 883 3808 volveret,
912 3732 1020 3797 subito
1047 3757 1164 3798 aurora
1179 3734 1304 3798 oriente
1319 3756 1416 3798 senex

268 3821 398 3907 quidam
417 3832 469 3882 ve
471 3841 585 3882 eranus
601 3817 642 3880 ad
672 3817 818 3882 forest
786 3819 858 3882 atrii
883 3821 1050 3884 exterioris
1081 3846 1114 3886 as
1117 3836 1226 3900 rtrt,
1209 3821 1415 3906 etpulsando

264 3911 367 3973 acrius
384 3924 416 3971 et
430 3907 600 3970 clamando
615 3908 741 3990 saepius,
766 3907 925 3970 aditumt
913 3921 1019 3973 atmen
1035 3935 1054 3974 a
1070 3910 1220 3972 ministris
1243 3912 1415 3994 impetrare

265 4019 330 4060 non
345 3995 462 4097 potuit.
511 3994 605 4058 Tunc
620 3995 674 4056 ille
691 3995 911 4057 vehementius
936 3996 1003 4060 adit
991 4011 1058 4060 tum
1081 3998 1259 4098 postulans,
1288 4019 1414 4082 semper

269 4084 362 4148 Beati
380 4081 622 4146 Cuthbertit
567 4081 779 4166 patrocinium
796 4096 828 4146 et
858 4083 1014 4148 auxilium
1044 4085 1214 4151 invocavit.
1264 4085 1412 4148 Tandem

265 4171 425 4234 solitarius
437 4171 603 4248 audiens,
592 4191 790 4254 januamque
802 4171 956 4270 aperiens,
968 4195 1068 4258 quare
1082 4175 1236 4237 Sanctum
1248 4173 1313 4235 Cut
1316 4173 1411 4235 hber-

265 4273 333 4323 tum
350 4260 464 4323 totiens
479 4257 671 4344 importunis
685 4257 839 4319 vocibus
831 4273 1003 4342 1mpeteret
1012 4259 1197 4348 drltgtntrus
1211 4260 1409 4360 perquisivit.

265 4345 361 4414 Tunc
378 4365 487 4424 senex,
500 4351 522 4389 ‘⁴
531 4345 691 4411 locumt
649 4365 675 4408 rs
678 4357 745 4410 tum
754 4343 846 4414 Beati
859 4345 1026 4414 Cuthbert
1005 4361 1029 4414 1
1041 4345 1169 4418 dedica
1156 4362 1224 4415 turn
1236 4343 1368 4426 nomini,
1380 4360 1412 4412 et
