3132 5286
508 503 646 556 saucrr
675 504 913 556 curnnnnrr.
1230 485 1280 568 73

122 663 281 728 Tedanus
307 666 501 752 EpiscopuS,
528 691 644 732 novem
667 680 869 732 mortuorum
885 667 1052 733 suscitator
1073 666 1273 751 magnificus,

120 753 305 837 requiescit,
314 767 346 817 et
361 769 505 838 patrator
518 757 692 820 multorum
706 757 944 833 miraculorum,
957 755 1119 840 quondam
1133 755 1166 818 in
1182 757 1275 818 terris

122 842 236 903 vivens
268 842 400 909 effulsit.
449 843 556 919 Quam
593 845 704 928 patriae
734 843 926 927 provinciam
953 841 1135 926 regionibus
1152 842 1275 906 caeteris

124 927 302 1012 Hyberuiae
332 925 568 1013 praeclariorem
598 946 632 996 et
658 932 921 1015 praestanciorem
945 931 1156 1017 omnibusque
1180 929 1275 994 rebus

120 1013 314 1082 fertiliorem
330 1017 476 1085 asseruit.

569 1329 685 1409 [cur.
704 1327 825 1409 mn]

164 1552 240 1629 Sed,
269 1555 344 1638 quia
367 1575 480 1638 parum
510 1555 550 1618 ab
575 1553 704 1638 incepto
728 1576 825 1638 opere
842 1553 975 1641 digressi
991 1576 1109 1634 sumus,
1127 1578 1211 1620 nunc
1228 1560 1269 1622 ad

117 1661 167 1714 ca,
195 1663 267 1725 quae
289 1640 521 1726 inceperamuS,
545 1642 725 1706 redeamus.
771 1641 847 1706 Non
872 1641 975 1705 multo
997 1656 1069 1725 post
1085 1645 1220 1732 contigit
1235 1659 1268 1710 ut

120 1725 310 1813 Episcopus
342 1731 401 1792 sub
432 1731 520 1814 cujus
547 1730 692 1793 custodia
722 1753 804 1814 puer
831 1729 934 1792 fuerat
964 1729 1140 1814 delegatus,
1172 1733 1268 1797 rebus

116 1813 267 1878 humanis
292 1839 332 1880 ex
361 1816 523 1901 insperato
538 1817 728 1892 discederet,
746 1831 777 1880 ct
793 1817 925 1900 praemia
939 1816 1086 1880 laborum
1100 1841 1231 1884 suorum
1247 1845 1267 1884 a

115 1902 172 1985 pio
198 1903 308 1986 judice
339 1906 603 1970 remunerationis
628 1904 798 1988 acciperet.
854 1905 959 1992 igitur
982 1907 1147 1988 puerulus,
1173 1920 1266 1972 tanto

116 2001 209 2072 patre
240 1994 380 2071 orbatus,
414 1994 502 2057 omni
532 2017 615 2078 pene
647 1993 765 2056 solacio
795 2007 843 2057 est
874 1992 1056 2061 destitutus.
1114 1995 1267 2060 Materna

116 2079 226 2164 itaque
238 2081 359 2165 pietate
372 2081 412 2144 de
425 2082 481 2145 filii
494 2082 541 2145 sui
554 2080 766 2146 destitucione
778 2080 926 2167 genetrix
938 2082 974 2143 fit
987 2081 1092 2158 anxia,
1104 2096 1137 2146 et
1150 2105 1265 2168 queru-

115 2164 153 2226 lis
170 2189 264 2252 quam
278 2173 394 2252 saepius
410 2170 582 2252 gemitibus
599 2181 632 2232 et
649 2168 777 2232 vocibus
794 2167 961 2231 lacrimosa
967 2192 976 2243 3
993 2169 1132 2232 advertit
1147 2170 1265 2255 quippe

115 2275 252 2336 puerum
279 2256 513 2321 solitiscarere
541 2256 671 2334 solatiiS,
697 2280 730 2320 se
754 2278 831 2319 vero
854 2257 913 2318 sub
938 2257 1065 2340 trepido
1081 2269 1168 2321 metu
1185 2257 1264 2321 coti-

114 2341 214 2406 diano
236 2343 390 2432 languore
417 2345 567 2422 deficere,
596 2359 628 2410 et
651 2345 693 2406 de
714 2344 797 2426 regis
814 2342 909 2408 animi
925 2342 1137 2408 incontinenti
1152 2344 1264 2410 incon-

113 2432 233 2495 stantia
262 2431 380 2516 pavido
410 2455 519 2496 secum
550 2434 646 2498 corde
677 2432 846 2495 ruminare.
901 2431 1085 2496 Verebatur
1114 2432 1263 2497 nimirum

114 2518 301 2601 plurimum,
328 2543 368 2584 ne
393 2542 453 2584 rex
467 2521 597 2600 ferinae,
622 2521 710 2584 illam
733 2520 848 2585 iterata
863 2519 990 2584 feritate
1006 2521 1214 2606 opprimeret,
1230 2535 1263 2585 et

114 2607 246 2670 secundi
275 2608 390 2671 erroris
415 2609 576 2673 infamiam
604 2609 703 2694 priori
727 2608 872 2695 nequicia
894 2608 1080 2672 macularet.
1126 2609 1262 2673 Talibus

113 2695 359 2760 meditationum
383 2696 517 2761 stimulis
541 2697 647 2762 matris
670 2698 908 2781 inquietabatur
930 2696 1063 2773 auimuS,
1081 2709 1113 2759 et
1128 2697 1262 2760 diversis
1324 2691 1328 2699 ’

115 2780 224 2867 fugam
246 2783 377 2847 ineundi
401 2785 603 2848 excitabatur
626 2784 800 2849 affectibus
848 2783 934 2846 Haec
958 2782 1043 2846 enim
1068 2783 1096 2845 ei
1114 2805 1176 2846 una
1190 2807 1261 2867 spes

113 2869 440 2956 fugiendisupcrfuit,
459 2895 516 2936 nec
533 2873 577 2935 illi
593 2871 723 2936 ulterius
740 2871 771 2934 in
790 2872 858 2955 ipsa
874 2883 959 2933 terra
974 2892 1140 2933 remanere
1156 2883 1260 2936 tutum

111 2957 182 3022 fuit.
232 2959 342 3024 Ascito
366 2958 506 3046 denique
529 2983 643 3044 puero,
667 2958 772 3023 cordis
796 2957 844 3020 sui
866 2970 990 3022 secreta
1012 2956 1057 3020 illi
1077 2957 1211 3038 detexit,
1228 2971 1262 3024 et

112 3045 256 3110 causales
269 3048 417 3111 materias
431 3070 497 3110 suae
513 3048 668 3136 angustiae
685 3062 717 3113 et
732 3047 825 3112 sortis
837 3045 961 3110 miserae
971 3044 1109 3110 seriatim
1123 3047 1259 3131 aperuit.

112 3134 313 3198 Adolescens
330 3135 434 3199 statim
449 3139 600 3200 maternis
612 3135 776 3224 adquievit
792 3134 940 3212 consiliis,
952 3134 1027 3222 quia
1035 3147 1113 3218 typo
1126 3134 1260 3202 Domini

110 3220 277 3290 salvatoris
293 3222 355 3286 suis
371 3224 501 3289 subesse
517 3226 702 3310 parentibus
719 3247 781 3287 non
799 3221 914 3286 omisit.

564 3537 681 3616 [cnr.
695 3537 807 3616 mn]

158 3762 317 3828 Puerulus
340 3778 445 3828 autem
463 3778 537 3829 ante
555 3765 718 3829 Pontificis
734 3765 859 3828 obitum
873 3762 1055 3849 symbolum
1072 3773 1105 3827 et
1120 3763 1258 3847 psalmos

111 3852 280 3916 Daviticos
303 3853 398 3938 plene
413 3853 593 3918 didiscerat.
642 3851 779 3917 Infinitae
796 3865 864 3916 erat
875 3850 1096 3936 pulcritudinis
1113 3864 1146 3915 et
1161 3850 1258 3915 deco-

109 3940 153 4003 ris
170 3953 203 4004 et
219 3955 361 4004 venustae
377 3941 492 4026 speciei
508 3941 684 4004 dulcedinis
700 3955 734 4005 et
747 3940 859 4024 gratiae
875 3939 1050 4003 admodum
1067 3937 1258 4002 dilectionis.

111 4027 214 4092 Fama
237 4028 333 4112 igitur
356 4028 440 4113 pede
457 4028 558 4092 veloci
574 4028 856 4112 comprovinciales
873 4049 1016 4114 quosque
1031 4026 1259 4110 praeveniendo

109 4115 329 4194 succenderat,
354 4130 387 4180 et
410 4117 450 4180 de
473 4120 561 4203 cujus
577 4119 730 4200 progenie
746 4130 843 4180 tantae
859 4116 970 4202 gratiae
987 4112 1167 4194 pulcritudo
1182 4135 1258 4197 pro-

107 4204 211 4268 disset
227 4203 362 4289 quilibet
377 4206 519 4268 curiosus
536 4204 726 4290 inquirebat.
766 4204 866 4287 Cujus
882 4202 927 4265 rei
939 4198 1106 4285 inquisicio
1123 4215 1255 4266 matrem

107 4292 206 4375 ipsius
232 4314 297 4354 non
324 4293 427 4369 latuit,
455 4315 527 4377 quae
543 4296 609 4379 ejus
626 4293 764 4354 animum
781 4289 918 4376 amplius
934 4311 975 4351 ex
990 4288 1111 4352 timoris
1128 4290 1254 4355 dubita·

106 4380 199 4446 cionc
215 4381 362 4443 vexando
379 4380 531 4464 fatigavit.
579 4380 630 4443 Sic
647 4392 748 4442 mater
763 4378 882 4443 diutius
898 4376 1128 4458 cogitationum
1144 4378 1254 4442 stimu-

103 4469 143 4533 lis
161 4471 293 4552 agitata,
311 4468 452 4546 tandem,
470 4469 556 4554 quod
573 4470 680 4532 animo
697 4479 898 4550 conceperat,
916 4463 1063 4549 operibus
1079 4465 1254 4550 adimplen-

671 4576 683 4618 1
