3094 5292
493 423 603 471 nnors
630 420 849 470 unisonum.
1218 409 1269 490 87

123 600 221 666 quarn
245 582 345 647 verbo
373 583 572 668 significavit.
621 585 686 660 Qui
711 582 817 650 stratis
844 583 1023 664 exilientes,
1041 598 1073 650 et
1096 586 1138 650 ad
1160 585 1269 676 ignem

123 685 359 748 concurrentes
385 674 514 737 domum
543 686 643 737 totam
673 673 805 738 interius
835 674 1267 764 accensam,'flammamqne

118 762 187 845 jam
200 760 329 825 domata
344 761 549 840 lambentem,
567 775 599 826 et
615 775 736 826 tectum
755 773 975 846 penetrantem
991 761 1210 846 conspiciunt;
1234 779 1267 829 et

122 846 202 934 quid
226 861 333 932 agant,
358 849 408 913 vel
435 849 571 936 qualiter
598 849 750 936 impeturn
774 849 856 935 ignis
875 850 1049 927 retardent,
1066 872 1131 914 nou
1146 851 1280 917 inveni-'

124 949 194 999 unt.
241 935 318 1000 Pars
335 951 442 1002 tamen
456 937 567 1015 resilit,
584 950 618 1002 et
641 937 819 1002 dormitorii
835 950 954 1002 tectum
972 937 1067 1001 insilit
1083 951 1117 1003 et
1132 938 1175 1002 ibi
1192 963 1266 1022 cum

122 1022 197 1108 igne
212 1022 359 1101 dimicat3
382 1048 454 1110 pars
470 1035 551 1114 vaga
566 1025 628 1090 huc
651 1025 788 1113 illucque
804 1025 962 1103 discurrit,
982 1038 1016 1090 et
1031 1027 1173 1091 eoclesiae
1192 1051 1265 1113 sup-

120 1111 302 1195 pelectilem
317 1136 477 1198 proposse
492 1113 640 1178 incendio
655 1113 803 1198 surripit3
819 1111 892 1198 pars
907 1114 949 1177 ad
968 1114 1121 1178 Sanctum
1140 1115 1266 1200 Regem

122 1212 157 1262 et
182 1198 359 1286 Martyrern
390 1201 552 1267 Oswinum
576 1201 671 1276 redit,
696 1215 729 1266 et
753 1201 889 1266 orationi
913 1200 1040 1266 insistit.
1100 1202 1143 1266 Et
1172 1203 1265 1268 Prior

125 1285 311 1352 Ruelendus
323 1303 356 1354 et
373 1289 527 1374 Supprior
541 1289 581 1353 Al
606 1289 707 1368 uinus,
719 1288 846 1353 techam
862 1288 971 1352 Sancti
984 1289 1140 1376 Martyris
1156 1289 1188 1354 in
1202 1293 1265 1378 quis

121 1375 189 1464 ejus
200 1397 314 1461 corpus
326 1378 537 1442 reverendum
549 1313 739 1442 collocatum
750 1389 808 1456 est,
820 1377 970 1454 evehunt,
979 1390 1010 1441 et
1021 1377 1052 1440 in
1061 1391 1155 1462 prato
1163 1379 1265 1445 claus-

122 1461 164 1525 tri
175 1477 346 1548 reponunt.
383 1465 495 1552 Ibique
506 1465 649 1530 nonnulli
664 1465 797 1530 fratrum
808 1487 881 1531 oum
891 1464 1026 1528 lacrimis
1039 1480 1178 1544 orantes,
1190 1468 1264 1536 soli·

120 1573 158 1613 us
173 1549 237 1615 Dei
250 1565 283 1616 et
294 1553 446 1640 Martyris
463 1553 571 1617 Sancti
581 1575 676 1638 opem
690 1552 847 1638 flagitant.
895 1551 988 1617 Prior
997 1552 1063 1639 ipse
1072 1576 1156 1619 nunc
1171 1555 1263 1621 locri--

120 1637 180 1701 mis
195 1639 316 1704 obortis
331 1664 440 1725 preces
460 1641 578 1705 Sancto
595 1641 733 1726 Martyri
748 1641 864 1718 fundit,
882 1663 966 1705 nuno
981 1641 1046 1705 alta
1061 1665 1140 1708 voce
1156 1644 1263 1709 taliter

117 1747 230 1810 preces
245 1728 400 1794 confudit.
447 1739 469 1770 “
485 1729 602 1794 Sancte
618 1728 756 1807 Oswine,
774 1728 852 1816 quid
874 1729 970 1814 agis?
1015 1729 1158 1794 Domum
1175 1747 1262 1796 tuam

118 1813 192 1898 igne
205 1816 348 1881 consumi
364 1815 547 1902 permittis?
602 1816 659 1881 Me
676 1830 732 1882 tuo
748 1816 901 1904 obsequio
916 1816 1141 1902 mancipatum,
1158 1819 1262 1883 erimi-

117 1901 165 1966 nis
181 1926 272 1968 reum
287 1903 392 1970 facis?
439 1904 525 1969 Meae
541 1904 624 1970 enirn
637 1905 844 1990 deputabitur
857 1904 1000 1983 incuriae,
1018 1906 1111 1991 hujus
1127 1920 1261 1972 eventus

118 1989 266 2056 miseriae.
289 2017 290 2022 ¹
305 1992 339 2057 Si
358 1993 492 2058 Sanctus
508 2017 552 2070 es,
570 1993 595 2056 si
611 1993 729 2058 amicus
747 1993 870 2071 Deles,
887 1993 919 2056 in
935 1994 1062 2058 summa
1072 1995 1260 2061 necessitate

117 2079 263 2156 subveni,
280 2089 314 2145 et
329 2104 455 2167 oppone
472 2094 503 2146 te
520 2081 701 2146 discrimini.
751 2081 839 2156 Quid
855 2081 983 2146 tardas?
1033 2081 1121 2155 Quid
1136 2087 1260 2149 cessas?

118 2166 210 2231 Loco
225 2167 286 2232 isto
302 2192 360 2234 nec
377 2183 412 2233 tu
427 2169 615 2248 moveberis,
633 2193 692 2234 nec
707 2192 780 2254 ego.
819 2168 918 2233 Simul
934 2191 995 2233 nos
1010 2168 1091 2254 ignis
1106 2170 1271 2249 inveniet,

116 2254 210 2318 simul
229 2256 261 2319 in
281 2257 402 2322 cineres
417 2257 553 2342 rediget.
602 2256 635 2321 Si
651 2255 844 2321 monasterio
866 2255 934 2320 tuo
946 2279 1010 2321 non
1033 2256 1148 2344 parcis,
1165 2261 1260 2344 parce

115 2343 242 2428 corpori
259 2357 326 2409 tuo.
375 2345 488 2409 Sinon
503 2345 606 2431 parcis
621 2344 712 2410 nobis
750 2344 804 2409 uia
817 2344 1028 2430 peccavimus
1045 2368 1140 2430 parce
1153 2359 1261 2412 tamen

115 2428 343 2510 confitentibus
358 2434 446 2520 quod
461 2432 691 2518 peccavimus.”
718 2368 752 2497 lii

114 2518 210 2598 dixit,
239 2543 416 2672 corpusque
448 2520 653 2586 Dominicum
679 2521 744 2587 cito
770 2520 876 2586 afferri
898 2521 1062 2608 praecepit.
1111 2523 1259 2612 Cumque

114 2607 193 2671 foris
208 2608 338 2682 allatum
369 2609 477 2688 uisset,
494 2609 717 2675 conversusad
736 2609 889 2674 Sanctum
906 2609 1083 2676 Oswinum.
1124 2611 1259 2677 “Ecce’'

114 2694 218 2782 inquit
236 2706 259 2738 “
270 2697 360 2762 Deus
376 2711 486 2762 noster
499 2699 614 2763 Jhesus
633 2698 767 2763 Cristus.
814 2696 883 2762 Nos
896 2720 961 2761 non
971 2720 1132 2763 meremur
1143 2700 1257 2779 audiri,

113 2806 175 2848 nec
209 2785 348 2849 Cristum
378 2786 596 2871 praesumimus
622 2786 765 2870 precari3
789 2784 822 2848 in
848 2785 983 2850 articulo
1003 2786 1201 2851 necessitatis
1224 2802 1258 2853 te
1290 2793 1292 2797 ’

114 2886 285 2957 patronum
309 2873 437 2952 exhibe,
465 2887 499 2938 et
516 2871 579 2958 ⁴pro
602 2873 696 2938 nobis
724 2875 865 2939 Cristum
891 2873 1084 2958 deprecare3
1107 2887 1143 2938 ut
1170 2878 1258 2962 quod

114 2960 230 3024 nostris
260 2961 380 3025 meritis
411 2985 473 3026 non
507 2962 659 3039 valemus,
691 2975 747 3026 tuo
777 2960 956 3046 patrocinio
993 2967 1257 3049 consequamur.''

114 3047 229 3124 Dixit3
253 3064 287 3114 et
309 3072 382 3114 ecce
398 3064 510 3115 ventus
526 3050 633 3114 nullus
655 3050 800 3128 efficitur,
818 3063 852 3114 et
874 3048 955 3134 ignis
971 3048 1026 3136 qui
1044 3051 1112 3135 jam
1135 3051 1256 3138 lapides

112 3135 231 3201 multos
256 3139 288 3201 in
312 3137 500 3203 dormitorio
523 3140 750 3216 combusserat,
768 3152 802 3203 et
823 3137 993 3202 amaceria
1016 3139 1183 3204 nonnullos
1199 3164 1256 3206 ex-

111 3239 264 3304 cusserat,
282 3223 438 3291 fenestras
453 3226 582 3314 quidem
599 3227 718 3310 ligneas
741 3239 774 3290 et
797 3226 945 3310 stipulam
962 3226 1075 3292 siccam
1092 3230 1170 3292 tecti
1183 3233 1257 3294 teti-

753 2456 800 2498 aeo
816 2447 850 2496 et
865 2432 978 2513 similia
992 2433 1072 2497 flens
1088 2447 1121 2500 et
1136 2434 1258 2520 ejulans
1358 2489 1361 2497 .

110 3311 171 3396 git,
188 3314 245 3377 sed
261 3313 360 3379 nichil
375 3314 529 3378 molestiae
545 3315 661 3378 intulit.
709 3313 937 3402 Porticumque
952 3313 1088 3402 ligneam
1103 3317 1254 3382 stramine
1356 3334 1358 3339 ’

111 3412 244 3480 tectam,
262 3401 527 3481 tribus-officinis,
552 3402 700 3466 videlicet
723 3401 834 3465 domui
849 3401 986 3478 ardenti,
1004 3402 1203 3483 dorrnitori0‚
1220 3419 1254 3472 et

109 3487 282 3553 refectorio
305 3491 519 3575 conjunctam,
550 3491 677 3554 flamma
709 3511 807 3553 vorax
837 3489 1051 3574 consumpsit3
1090 3490 1253 3580 fidemque
1333 3553 1334 3558 ,

109 3576 265 3641 miraculo
288 3577 406 3642 faciens
421 3577 602 3656 certiorem,
625 3578 740 3665 quibus
756 3580 869 3664 juncta
887 3589 955 3641 erat
970 3577 1123 3663 portiom,
1141 3579 1253 3645 domos

110 3663 231 3742 insiliit,
250 3666 306 3730 sed
322 3666 341 3730 ὲ
356 3667 479 3730 duabus
497 3667 582 3732 velut
598 3689 784 3751 repercussa
805 3664 927 3730 resiliit.
975 3665 1018 3730 Et
1033 3667 1123 3754 quasi
1139 3667 1255 3734 intelli-

107 3775 188 3836 gens
204 3753 236 3816 in
251 3776 347 3841 quarn
358 3754 417 3819 sibi
432 3767 573 3840 potestas
589 3755 729 3832 daretur,
743 3766 776 3818 et
786 3754 817 3817 in
832 3777 910 3841 quas
926 3777 1054 3840 prorsus
1069 3770 1252 3841 negaretur,

107 3840 234 3926 porticu
252 3843 418 3907 combusti
432 3844 560 3908 flamma
575 3843 663 3906 velut
678 3843 832 3907 obediens
852 3843 982 3919 Sancto,
1000 3843 1120 3929 lapides
1138 3867 1253 3910 consu-

106 3929 219 3994 mebat
242 3929 274 3995 in
298 3930 487 3996 dormitorio
508 3943 542 3996 et
557 3931 727 3996 refectorio
745 3931 819 4017 jure
834 3941 968 4009 naturae,
986 3930 1072 4016 ligno
1088 3938 1121 3996 el
1136 3933 1254 4018 stipula

106 4019 261 4102 parcebat
284 4018 370 4084 dono
415 4019 516 4083 ratiae.
563 4019 719 4083 Mirandis
743 4019 886 4084 miranda
905 4020 1091 4083 succedunt.
1139 4021 1252 4086 Frater

105 4105 239 4192 quidem
255 4107 381 4171 nomine
392 4044 562 4185 Sicardus,
576 4108 618 4171 ob
627 4107 819 4172 defensionis
835 4129 962 4171 causam
977 4119 1063 4171 tecto
1073 4107 1252 4176 dormitorii

105 4193 259 4273 insidens,
285 4196 410 4260 incaute
433 4195 453 4259 a
478 4194 626 4283 quopiam
651 4219 743 4283 aquae
764 4197 854 4282 jactu
870 4193 1058 4280 percutitur,
1075 4198 1165 4262 etad
1187 4198 1251 4265 ima

105 4281 254 4360 deicitur,
265 4283 322 4347 sed
337 4283 370 4347 in
385 4284 473 4350 nullo
483 4284 621 4348 laeditnr.
660 4285 743 4349 Item
759 4285 887 4368 insuper
902 4296 1023 4348 tectum
1039 4283 1124 4350 idem
1139 4287 1248 4365 resilit,

104 4384 140 4439 et
159 4371 315 4455 flagrante
335 4371 493 4450 incendio,
515 4373 645 4457 repente
664 4395 723 4457 per
738 4371 877 4436 medium
894 4372 962 4456 ejus
977 4369 1117 4436 labendo
1132 4387 1249 4438 terram

103 4473 289 4546 penetrans,
312 4459 391 4545 ignis
406 4459 513 4526 medio
528 4459 710 4539 involvitur,
728 4459 785 4525 sed
808 4481 867 4524 nec
883 4472 958 4524 tunc
973 4457 1112 4524 laeditur.
1160 4460 1250 4535 Quid
