3132 5286
279 1277 501 1363 INCIPIT
530 1274 669 1356 VITA
702 1273 915 1353 SANGTI
955 1274 1120 1358 EATAE

369 1477 796 1550 HAUGUSTALDENSIS
817 1476 1023 1544 EPISOOPI.

506 1747 925 1762 W·

184 2021 289 2085 Auno
317 2019 357 2083 ab
383 2017 609 2086 incarnacione
649 2019 782 2086 Domini
820 2021 923 2086 nostri
949 2020 1027 2085 Jesu
1059 2017 1181 2084 Christi
1210 2039 1267 2084 nc.

128 2130 247 2187 xxxru,
269 2107 438 2174 interfecto
454 2108 487 2173 in
510 2131 621 2198 pugna
642 2108 809 2197 Eadwyno
824 2131 902 2196 rege
927 2107 1267 2192 Northanymbrorum

126 2197 331 2276 nobilissimo,
348 2198 487 2283 suscepit
501 2221 561 2283 pro
584 2197 639 2260 illo
655 2219 790 2282 regnum
808 2197 1030 2262 Berniciorum
1045 2197 1131 2262 filius
1156 2195 1268 2261 Ethel-

126 2286 214 2363 fridi3
238 2288 293 2374 qui
317 2286 358 2350 de
373 2285 428 2349 ille
449 2287 613 2371 provincia
629 2287 757 2375 generis
773 2299 805 2351 et
828 2287 920 2374 regni
936 2285 1092 2370 originem
1116 2284 1266 2362 duxerat,

14 2379 15 2382 ’
126 2379 254 2438 nomIne
285 2373 469 2442 Eanfridus.
521 2374 697 2462 Siquidem,
734 2387 879 2460 tempore
909 2386 990 2452 toto,
1029 2396 1093 2461 quo
1120 2371 1268 2461 regnavit

126 2463 300 2549 Edwyuus,
314 2461 371 2526 filii
387 2463 513 2546 praefati
529 2465 613 2552 regis
638 2463 823 2541 Ethelfridi,
841 2465 981 2550 quiante
997 2460 1088 2526 illurn
1111 2483 1267 2546 regnave-

14 2617 16 2636 ,
124 2563 183 2629 rat,
208 2573 282 2614 cum
306 2572 421 2638 magna
445 2551 602 2615 nobilium
617 2551 788 2636 juventute
804 2552 891 2638 apud
909 2553 1037 2616 Scottos
1066 2550 1131 2615 sive
1156 2549 1266 2615 Pictos

14 2647 15 2654 ’
124 2639 317 2715 exulabant3
333 2639 440 2726 ibique
456 2640 497 2704 ad
509 2641 689 2704 doctrinam
707 2641 892 2706 Scottorum
908 2641 1072 2704 catezizati
1098 2653 1131 2704 et
1145 2638 1267 2724 baptis-

120 2727 213 2793 matis
228 2729 333 2816 gratia
347 2741 421 2792 sunt
437 2728 549 2796 renati.
601 2728 666 2802 Qui
682 2742 727 2807 ut,
740 2745 869 2793 mortuo
884 2750 960 2812 rege
976 2727 1116 2806 inimico,
1129 2725 1266 2812 patriam

121 2829 194 2882 sunt
221 2817 326 2880 redire
350 2815 516 2901 permissi3
540 2839 577 2880 ac
600 2818 686 2901 cepit
707 2816 827 2901 primus
858 2839 980 2895 eorum,
1004 2838 1100 2904 quem
1123 2814 1264 2880 diximus

14 2959 15 2980 ,
120 2904 306 2982 Eanfridus,
323 2927 460 2989 regnum
477 2904 707 2969 Berniciorum.
759 2904 835 2984 Qui,
847 2919 889 2970 ut
904 2909 1024 2971 terreni
1040 2904 1133 2990 regni
1149 2902 1265 2968 infulas

14 2997 15 3012 ¹
119 2993 251 3058 sortitus
278 3004 336 3070 est,
361 3006 558 3058 nucimento
584 2993 720 3057 coelestis
742 2995 844 3079 regni,
859 2995 989 3083 ¹quibus
1013 2993 1159 3059 iniciatus
1184 3004 1264 3071 erat,

14 3099 16 3120 ¹
118 3079 421 3146 anathematizando
436 3082 597 3168 perdidit3
621 3105 658 3146 ac
673 3105 706 3147 se
721 3082 834 3168 priscis
857 3083 1015 3148 idolatriae
1031 3083 1180 3147 sordibus
1195 3080 1267 3168 pol-

116 3170 275 3235 luendum
290 3170 712 3257 perdendumquerestituit.
763 3171 832 3236 Nec
847 3194 955 3236 mora:
983 3173 1056 3236 Rex
1069 3171 1265 3243 Brittonum,

14 3289 15 3296 ¹
121 3258 318 3336 Cendwallq
336 3258 425 3322 illum
437 3259 536 3344 impia
551 3281 648 3323 manu
665 3259 721 3324 sed
738 3259 828 3344 justa
850 3259 978 3322 ulcione
993 3260 1142 3344 peremit.
1189 3258 1266 3333 Quo

117 3348 240 3426 occiso,
256 3346 355 3412 frater
369 3347 447 3432 ejuS,
470 3347 517 3409 vir
534 3346 607 3411 Deo
623 3346 768 3425 dilectuS,
786 3345 966 3424 OswalduS,
990 3345 1173 3424 adveniens,
1191 3367 1266 3410 cum

14 3487 15 3490 η
115 3457 220 3520 parvo
246 3435 377 3521 quidem
412 3434 566 3513 exercitu,
605 3435 662 3500 sed
688 3435 754 3498 fide
778 3435 901 3500 Christi
932 3435 1065 3513 munito,
1096 3435 1266 3499 infandum

120 3525 312 3588 Brittonum
336 3546 455 3612 regem,
470 3523 577 3587 fratris
600 3525 650 3588 sui
666 3522 914 3602 interfectorem,
932 3545 1006 3588 cum
1027 3525 1180 3589 inmensis
1203 3523 1266 3587 illis

116 3614 234 3698 copiis,
252 3613 368 3698 quibus
391 3611 436 3674 nil
456 3610 603 3677 resistere
617 3635 713 3697 posse
730 3612 884 3696 jactabat,
909 3612 1027 3677 delevit
1034 3637 1043 3689 3
1067 3635 1267 3700 regnumque

116 3700 348 3766 Berniciorum
358 3697 514 3787 simulque
532 3699 716 3778 Deirorum,
728 3700 804 3778 Deo
816 3713 938 3779 autore,
950 3700 1086 3788 adeptus
1099 3713 1159 3766 est.
1186 3701 1264 3780 Qui,

113 3790 177 3854 ubi
193 3811 329 3877 regnum
345 3789 494 3874 suscepit,
511 3787 695 3854 desiderans
711 3801 823 3868 totam,
841 3790 892 3854 cui
913 3812 1050 3875 praeesse
1062 3792 1170 3876 coepit,
1187 3814 1268 3878 gen-

14 3933 15 3936 ,
113 3891 197 3956 tem,
215 3878 291 3942 fidei
302 3876 501 3941 ‘Christianae
516 3877 620 3965 gratia
635 3876 745 3955 imbui,
763 3877 849 3942 misit
870 3879 912 3942 ad
927 3881 1063 3966 majores
1079 3893 1158 3943 natu
1175 3882 1267 3943 Scot-

14 3965 15 3968 ’
111 3981 241 4042 torum,
267 3989 287 4030 a
310 3964 425 4052 quibus
449 3967 517 4050 ipse
543 3965 675 4030 exulans
702 3965 878 4050 baptizatus
900 3981 980 4044 erat,
1005 3979 1120 4052 petens
1144 3978 1180 4031 ut
1204 3965 1266 4031 sibi

14 4061 15 4064 ’
109 4054 303 4118 mitteretur
318 4053 461 4132 antistes,
478 4055 569 4140 cujus
578 4054 727 4118 doctrina
737 4077 774 4118 ac
789 4054 963 4120 ministerio
975 4077 1053 4140 gens
1070 4056 1265 4144 Anglorum,

110 4165 221 4229 quam
235 4143 378 4230 regebat,
403 4140 587 4207 Dominicae
601 4142 676 4206 fidei
701 4156 897 4208 sacramenta
919 4145 1104 4230 susciperet.
1151 4143 1266 4232 Neque

111 4231 290 4317 aliquanto
320 4229 450 4309 tardius,
474 4231 561 4318 quod
588 4230 694 4317 peciit,
726 4231 920 4316 impetravit.
966 4235 1102 4320 Accepit
1127 4255 1267 4321 namque

109 4319 312 4404 pontificem
326 4318 506 4406 Aydanum,
520 4341 653 4384 summae
663 4319 915 4385 mansuetudinis
925 4334 958 4386 et
970 4320 1096 4405 pietatis
1109 4344 1146 4386 ac
1155 4323 1267 4387 mode-

109 4405 256 4471 raminis
286 4409 400 4485 virum,
419 4409 469 4470 cui
494 4409 536 4472 ad
560 4433 594 4472 se
620 4409 761 4472 venienti
780 4430 839 4473 rex
868 4409 1035 4474 Oswaldus
1057 4409 1165 4474 locum
1184 4411 1267 4474 sedis

108 4494 315 4583 episcopalis
337 4495 370 4560 in
392 4495 496 4566 insula
518 4494 793 4576 Lindislarncnsi,
809 4497 863 4564 ubi
884 4498 954 4586 ipsc
977 4497 1117 4586 petebat,
1143 4496 1265 4575 tribuit,
