3132 5286
603 494 837 553 curtinum.

274 660 448 749 Decipulas
459 659 558 741 mille,
575 659 690 750 quibus
704 661 805 726 hostis
817 661 939 749 decipit
953 661 1017 741 ille,

275 751 377 816 Plane
393 749 570 836 paudebas,
587 750 763 836 pandendo
778 772 890 816 cavere
905 752 1044 818 docebas
1060 773 1067 813 ε
1135 781 1137 788 ·

274 839 410 914 Βίοεηε,
426 838 477 902 his
492 838 570 902 loris
586 837 731 923 capietur
745 837 852 904 nudus
867 839 985 904 amoris
998 863 1007 917 3

277 925 354 1000 Quo
369 925 425 1014 qui
440 927 595 1004 firmatur,
614 936 788 1012 sanctaque
803 926 869 991 fide
884 927 1058 1006 solidatur3

274 1013 376 1079 Liber
391 1014 551 1090 transibit,
564 1013 695 1078 retineri
710 1015 824 1080 fraude
840 1015 995 1102 nequibit.
1028 1073 1030 1078 ,

277 1101 378 1179 Quot,
396 1100 561 1188 quantisve
573 1100 662 1165 malis
678 1124 730 1165 me
746 1103 791 1165 vis
807 1103 876 1167 fera
891 1103 1090 1168 daemonialis

275 1189 412 1257 Laedere
423 1191 613 1275 temptabat,
630 1188 777 1276 quotiens
793 1188 834 1255 de
843 1212 924 1276 rupe
938 1193 1076 1270 rotabat,

277 1278 428 1364 Saxaque
438 1278 592 1365 jactabat,
604 1280 795 1364 jactansque
810 1301 926 1343 necare
938 1281 1092 1365 parabat:

277 1365 343 1430 Sed
358 1387 417 1430 nec
428 1365 577 1444 laedebat,
590 1387 649 1430 nec
665 1365 829 1430 deterrere
843 1367 984 1435 valebat.

278 1453 415 1518 Sanctus
431 1476 522 1518 amor
538 1453 618 1517 tanti
634 1452 783 1540 cuiquam
799 1454 941 1540 persistit
956 1455 1091 1533 amanti3

277 1541 374 1606 Pellit
387 1542 485 1606 corde
501 1554 632 1618 metum,
646 1563 837 1628 semperque
852 1543 909 1608 dat
920 1565 988 1608 esse
1003 1545 1159 1632 quietum.

276 1629 327 1694 Ne
340 1652 402 1706 me,
418 1641 527 1694 sancte
536 1643 638 1713 pater,
655 1629 788 1694 deludat
803 1629 930 1714 spiritus
946 1643 1028 1709 ater,

276 1716 367 1782 Assis
379 1718 517 1802 adjutor,
535 1739 722 1802 semperque
737 1740 798 1801 per
813 1718 921 1780 omnia
932 1731 1039 1795 tutor;

280 1805 344 1869 Fac
360 1817 396 1868 ut
410 1826 513 1868 antem
529 1803 705 1880 Christum,
723 1804 778 1890 qui
794 1818 940 1870 conterat
951 1829 1046 1871 onrue
1062 1807 1224 1873 sinistrum
1240 1832 1248 1883 3

281 1892 411 1978 Simque
426 1892 491 1954 fide
506 1891 610 1969 fortis,
630 1892 758 1957 devicto
770 1891 915 1978 principe
932 1895 1051 1960 mortis

277 1980 344 2044 Fac
356 2003 407 2043 me
424 2001 517 2064 posse
532 1978 631 2066 sequi,
642 2002 715 2065 quae
728 1993 802 2044 sunt
817 1979 904 2044 bona
913 1983 996 2067 juris
1012 1997 1044 2048 et
1059 1984 1143 2073 aequi
1156 2009 1164 2060 3

277 2067 327 2132 Te
344 2089 460 2155 sequar
475 2090 516 2130 ex
529 2085 606 2131 voto
621 2091 754 2152 prorsus
771 2082 901 2151 torpore
918 2086 1062 2148 remot03

280 2156 442 2242 Hancque
453 2154 594 2220 tenendo
610 2155 695 2218 viam
707 2176 832 2220 merear
847 2167 921 2238 post
937 2157 1050 2222 funera
1067 2158 1164 2222 vitam

279 2243 327 2310 Ut
342 2265 400 2332 per
416 2256 448 2306 te
473 2249 577 2307 tecum
594 2239 670 2307 felix
685 2241 829 2306 eollocer
844 2240 877 2306 in
893 2265 1008 2313 rerum.

234 2584 349 2666 [CAP.
368 2585 662 2668 >risula-Quod
676 2586 800 2671 AElflesl
813 2587 969 2652 abbatissa
984 2595 1013 2652 et
1026 2589 1092 2671 ejus
1100 2591 1210 2672 puella

459 2695 520 2757 per
535 2676 620 2739 illius
634 2695 748 2739 zonam
762 2678 827 2738 sint
840 2684 965 2739 curate.

279 2901 408 2984 Corpus
423 2918 532 2982 pressa
547 2895 648 2974 malis,
662 2895 785 2960 AElfled
797 2896 1058 2976 sanctimonialis,

281 2988 376 3052 Curis
392 2984 556 3049 nullorum
572 2997 700 3069 poterat
715 2985 804 3048 refici
821 2984 1032 3050 medicorum.

281 3075 313 3139 O
331 3073 512 3138 Cuthberte
529 3071 638 3138 sacer!
665 3085 721 3138 tua
736 3095 870 3139 munera
885 3075 932 3137 vis
947 3073 1031 3158 fugit
1041 3097 1132 3152 acer3

281 3162 387 3237 Quam
398 3174 434 3226 tu
450 3160 572 3239 misisti,
589 3183 671 3225 zona
684 3161 834 3226 morbum
850 3163 1020 3247 pepulisti:

282 3251 357 3326 Qua
372 3272 407 3316 se
423 3251 612 3336 succingens
624 3250 772 3314 meritum
786 3264 919 3315 sanatur
929 3251 972 3315 ob
986 3253 1113 3338 ingens·

279 3340 444 3424 Tempore
459 3351 535 3422 post
550 3336 678 3400 modico
690 3337 865 3420 languebat
876 3351 909 3401 et
920 3337 1023 3402 altera
1038 3336 1140 3427 virgo,

282 3428 372 3492 Pene
387 3437 499 3489 coacta
515 3425 608 3500 mori,
625 3423 739 3509 capitis
751 3446 920 3508 suppressa
935 3424 1061 3504 dolori:

282 3513 348 3580 Sed
364 3511 463 3576 virtus
476 3511 601 3576 cladem
613 3532 696 3575 zona
711 3510 843 3596 depellit
859 3512 972 3577 eadem
981 3537 990 3589 ;

280 3602 367 3667 Nam
382 3621 461 3664 mox
475 3610 615 3678 sanatur,
633 3610 668 3663 ut
683 3600 715 3664 ei
725 3613 824 3685 caput
838 3599 913 3665 inde
928 3599 1055 3689 ligatur.

282 3689 346 3756 Sed
358 3688 484 3766 mirum,
501 3709 586 3752 zona
599 3701 675 3773 post
686 3688 840 3752 virtutum
856 3687 922 3752 duo
935 3688 1021 3754 dona

284 3777 360 3842 Non
376 3777 423 3842 ibi
439 3798 504 3840 non
517 3798 651 3863 usquam
668 3776 801 3862 reperiri
816 3777 965 3864 quiverat
981 3801 1132 3867 unquam.

282 3865 346 3945 Tu,
365 3864 427 3951 pie,
438 3878 483 3943 tu,
497 3877 597 3941 tante,
614 3863 736 3950 pietate
748 3879 805 3929 tua
820 3864 1013 3944 medicante,

283 3953 385 4020 Aufer
396 3953 599 4040 languorem,
618 3975 656 4016 ne
672 3952 743 4017 dira
759 3967 862 4019 morte
878 3953 1033 4032 laborem,

285 4043 400 4128 Culpae
418 4041 606 4124 languorem
624 4040 833 4128 languoribus
849 4042 1057 4128 asperiorem.

286 4131 364 4194 Heu
379 4142 584 4216 peccatorum
601 4150 697 4214 quam
714 4152 830 4214 magna
844 4130 987 4216 gravedo
1003 4127 1164 4194 meorum!

283 4216 340 4282 Nil
356 4217 471 4282 animae
485 4213 613 4300 gravius
629 4237 725 4301 quam
741 4218 867 4292 sarcina
880 4217 1035 4301 ponderis
1051 4217 1164 4301 hujus:

287 4304 340 4369 Ad
351 4304 457 4370 labem
472 4303 585 4391 vergit,
599 4303 732 4366 miseros
744 4306 778 4367 in
794 4317 915 4370 tartara
931 4306 1057 4393 mergit.

288 4391 349 4457 His
364 4414 426 4470 me,
441 4412 559 4478 quaeso,
574 4390 676 4468 malis,
693 4403 796 4474 pater,
808 4389 907 4476 eripe,
925 4390 1109 4477 spiritualis:

286 4477 379 4546 Mole
390 4498 520 4568 gemens
533 4491 632 4560 tanta,
648 4475 748 4559 lever,
765 4499 835 4559 oro,
852 4492 909 4546 tua
922 4500 1019 4568 preca
1035 4492 1155 4548 sancta.
