3094 5292
296 429 321 504 6
743 452 835 500 vrrn
863 449 1003 503 oswmr

296 615 481 701 postulante
494 613 646 698 episcopo
658 613 802 677 laetitiam
819 614 1002 699 recepisset,
1020 613 1118 699 coepit
1130 611 1146 676 ὲ
1156 626 1270 680 contra
1279 616 1450 702 episcopus·

298 702 395 767 tristis
420 723 521 788 usque
548 701 591 765 ad
617 699 821 764 lacrima-rum
843 701 1061 786 profusionem
1089 701 1181 766 effici.
1242 702 1349 777 Quem
1373 727 1444 768 cum

296 789 455 873 presbiter
470 811 544 852 suus
559 787 668 871 lingui
681 787 795 872 patria,
813 810 909 875 quarn
925 810 983 854 rex
994 803 1027 853 et
1043 788 1209 853 domestici
1225 791 1294 874 ejus
1310 813 1375 854 non
1391 814 1450 854 noe

297 889 422 952 verant,
440 898 539 962 quare
558 874 777 938 lacrimaretur
796 875 1036 959 interrogasset,
1056 887 1079 916 “
1090 873 1187 952 scio,”
1203 876 1318 963 inquit,
1338 888 1360 918 “
1373 878 1446 965 quia

296 985 362 1027 non
379 962 482 1026 multo
499 976 644 1046 tempore
657 961 798 1026 victurus
810 976 860 1026 est
875 984 946 1026 rex.
994 962 1166 1049 Nunquam
1179 963 1266 1027 enim
1279 976 1354 1030 ante
1364 965 1444 1042 haec,

297 1049 363 1113 vidi
379 1049 533 1113 humilem
548 1071 668 1132 regem,
686 1049 772 1112 unde
787 1049 1019 1127 animadverto,
1037 1049 1125 1113 illum
1141 1049 1235 1114 citiirs
1251 1073 1292 1114 ex
1307 1051 1368 1116 hac
1384 1050 1447 1115 vict

295 1136 497 1222 rapiendum.
545 1135 621 1199 Non
643 1135 729 1203 enim
749 1137 847 1221 digna
865 1149 914 1200 est
933 1136 1004 1200 haec
1023 1157 1112 1220 gens,
1131 1137 1228 1202 talem
1245 1137 1365 1204 babere
1378 1162 1447 1203 rec-

297 1226 431 1288 torem.”
480 1223 550 1287 Nec
575 1221 678 1286 multo
700 1237 784 1308 post,
809 1223 879 1287 dira
901 1224 1051 1288 antistitis
1074 1223 1232 1312 praesagia
1255 1224 1337 1289 tristi
1363 1226 1446 1310 regis

296 1311 410 1376 funere
425 1311 587 1395 completa
601 1327 687 1374 sunt.
736 1311 779 1374 Et
795 1309 888 1376 certe,
901 1310 1073 1394 superioris
1092 1311 1247 1395 potestati
1265 1311 1448 1377 inferiorem

296 1396 473 1462 voluntarie
494 1396 599 1474 subdi,
624 1396 784 1483 aequitatis
808 1396 909 1481 exigit
932 1397 1044 1461 stricta
1065 1397 1158 1461 ratio.
1205 1398 1379 1485 AEqualem
1401 1399 1448 1462 ni-

295 1485 486 1549 chilominus
501 1483 617 1570 aequali
632 1505 697 1546 non
712 1505 875 1570 nunquam
891 1484 1038 1568 supponi,
1050 1484 1211 1548 ulterioris
1221 1487 1361 1569 justiciae
1372 1486 1448 1550 facit

295 1571 464 1657 profectio·
514 1571 580 1635 Sed
595 1570 794 1656 superiorem
809 1570 952 1634 inclinari
969 1570 1121 1648 inferiori,
1140 1593 1203 1635 non
1219 1573 1297 1637 facit
1312 1573 1371 1636 nisi
1381 1577 1449 1660 jus-

296 1657 381 1723 ticiae
397 1671 628 1722 consummatae
642 1657 812 1743 profectio.
861 1657 961 1722 Unde
976 1671 1103 1722 creator
1125 1660 1271 1743 superior
1293 1660 1448 1724 inclinans

295 1747 388 1810 seed
409 1745 603 1830 baptismum
619 1757 775 1808 creaturae
795 1744 963 1822 inferioris,
981 1745 1016 1808 id
1034 1745 1139 1829 ipsum
1158 1769 1372 1830 expavescens
1391 1747 1448 1824 ait,

298 1843 320 1874 “
338 1833 413 1897 Sine
429 1833 537 1909 modo,
555 1832 599 1895 sic
621 1830 707 1896 enim
722 1832 815 1895 decet
830 1853 888 1894 nos
904 1831 1038 1917 implere
1054 1855 1183 1896 ornnem
1194 1833 1389 1919 justiciam,”
1405 1835 1449 1898 sic

296 1919 447 1984 videlicet
462 1917 661 1982 humiliando
675 1941 710 1982 se
726 1939 833 1982 coram
850 1918 1004 1983 inferiori.
1052 1919 1158 2004 Hujus
1170 1920 1310 2006 justiciae
1325 1921 1451 2005 perfec-

296 2006 419 2071 tionem
451 2006 571 2069 Beatus
597 2005 672 2069 Rex
699 2005 846 2070 Oswinus
869 2006 1002 2070 edoctus
1025 2028 1090 2069 non
1114 2006 1306 2071 litteratorii
1327 2009 1450 2093 profes-

295 2095 385 2158 sione
408 2093 466 2158 sed
493 2091 630 2178 Spiritus
653 2092 800 2177 paracliti
822 2093 985 2171 unctione,
1002 2092 1100 2178 regiae
1123 2094 1300 2178 majestatis
1316 2096 1448 2172 oblitus,

295 2180 496 2267 pedibusque
518 2179 678 2264 pontificis
702 2180 882 2257 advolutus,
905 2201 971 2244 non
994 2181 1097 2244 solum
1121 2180 1248 2245 effrenis
1269 2185 1375 2266 gentis
1397 2184 1450 2245 cui

295 2281 433 2352 praeerat
455 2266 617 2330 feritatem
634 2267 798 2350 suspendit
822 2268 853 2330 in
876 2267 1100 2344 admiratione,
1130 2269 1187 2331 sed
1210 2268 1307 2332 etiam
1329 2269 1449 2333 adultae

294 2354 458 2439 religionis
473 2366 593 2438 patres,
611 2353 659 2417 sui
675 2355 826 2438 exemplo
842 2354 989 2418 accendit
1004 2354 1046 2416 ad
1062 2354 1329 2420 humiliationem.
1378 2355 1450 2420 Nec

295 2456 387 2506 erant
404 2454 479 2504 tunc
496 2440 647 2525 temporis
662 2441 830 2526 pontifices
846 2454 882 2504 ut
898 2463 993 2517 nunc,
1011 2441 1062 2504 vel
1082 2441 1266 2506 divitiarum
1285 2442 1450 2506 affluentia

295 2527 455 2605 insolenti,
473 2527 525 2591 vel
547 2527 683 2592 vestium
706 2528 923 2613 preciosarum
944 2548 1101 2614 pomposo
1116 2528 1211 2605 festu,
1230 2527 1327 2592 etiam
1342 2529 1450 2593 diviti·

294 2617 354 2679 bus
377 2614 570 2679 secularibus
593 2616 848 2700 praeeminentes,
881 2615 938 2678 sed
961 2633 1118 2698 pauperes
1141 2614 1265 2698 spiritu,
1290 2637 1449 2700 pauperes

294 2703 393 2767 etiam
422 2702 628 2766 facultatibus
659 2715 762 2777 erant,
783 2715 818 2765 et
848 2701 922 2764 ideo
952 2700 1130 2764 contemtui
1160 2701 1254 2767 facile
1280 2705 1449 2788 patebant.

298 2789 441 2876 Eratque
457 2812 497 2854 eo
512 2788 695 2866 virtuosius,
712 2789 757 2852 eis
773 2787 986 2851 reverentiam
1002 2787 1200 2870 impendere.

297 3053 394 3118 CAP.
418 3051 691 3129 IIL-Qumnode
704 3059 777 3130 pest
794 3052 906 3112 indias
914 3054 1148 3131 persecutiones,
1166 3072 1234 3115 eum
1247 3053 1293 3114 ed
1309 3053 1451 3114 mamam

380 3143 415 3203 in
428 3139 512 3214 belle,
528 3141 577 3201 uel
589 3139 725 3200 adunare
742 3140 848 3216 partia
862 3141 1025 3218 sunpuinis
1038 3139 1194 3219 efficiere,
1210 3139 1260 3200 vel
1271 3158 1337 3200 auce
1348 3143 1453 3218 pentir

381 3229 600 3300 detrimentum,
619 3244 682 3303 pro
710 3243 803 3303 repeto
825 3232 943 3286 terreno
964 3244 1086 3288 emere
1108 3227 1253 3299 horreret,
1281 3233 1316 3287 ut
1334 3226 1463 3306 celeste,

381 3333 508 3394 regnum
526 3314 711 3383 lucraretur,
733 3313 846 3372 intuitu
861 3314 954 3390 pacis
969 3314 1003 3372 in
1016 3313 1138 3374 domum
1154 3311 1333 3374 Hunwaldi
1346 3311 1452 3391 cajara-

380 3404 454 3464 dum
466 3399 648 3479 familiaria
672 3399 799 3461 Comitis
820 3401 871 3460 ani
892 3405 1038 3478 receptus,
1053 3399 1095 3460 ab
1116 3399 1218 3460 eodem
1243 3399 1359 3461 Gemite
1381 3402 1453 3479 repi

384 3487 473 3551 Oswi
481 3486 636 3566 prodiisse,
654 3487 797 3547 irmoeena
811 3486 985 3566 interfectus
999 3492 1052 3546 est.

341 3659 449 3724 Multa
463 3668 538 3721 sunt
553 3669 587 3721 et
602 3656 664 3721 alia
678 3655 865 3721 humilitatis
878 3655 1037 3740 exempla,
1051 3656 1115 3742 qud
1129 3657 1283 3720 decenter
1296 3668 1331 3721 et
1346 3658 1452 3722 abun-

294 3749 411 3812 danter
425 3745 480 3809 illa
496 3744 570 3810 Deo
585 3745 703 3809 devota
717 3745 822 3808 anima
837 3744 1003 3820 vernabat,
1017 3743 1075 3806 sed
1090 3763 1299 3806 annumerare
1313 3743 1451 3828 longum

296 3849 356 3912 est,
372 3834 594 3922 videbiturque
609 3830 801 3917 protractior
810 3832 843 3894 in
856 3832 924 3915 ejus
939 3829 1217 3893 commendatione
1230 3851 1320 3894 mora
1331 3831 1452 3894 ceteris

294 3921 464 3986 virtutibus
488 3920 557 4004 ejus
581 3920 698 3984 damna
719 3919 823 3983 laudis
845 3917 975 3981 inferre.
1023 3915 1231 3980 Praeeminuit
1252 3938 1392 4004 namque
1416 3917 1452 3981 in

297 4031 338 4074 eo
358 4009 451 4095 aequt
469 4007 688 4093 proportione,
705 4007 758 4070 vel
777 4004 1022 4070 elemosinarum
1041 4003 1179 4092 largitio,
1196 4004 1450 4069 misericordiam

295 4096 355 4160 viri
378 4117 554 4173 exercens3
579 4096 629 4159 vel
652 4091 810 4178 oppressis
833 4090 1042 4154 subveniendi
1066 4092 1254 4176 compassio,
1279 4092 1453 4156 caritatem

293 4184 477 4269 exprimens
490 4206 499 4259 ;
522 4183 574 4248 vel
595 4179 747 4266 subjectis
770 4177 923 4263 parcendi
937 4178 1087 4256 dulcedo,
1104 4178 1258 4264 pietatem
1273 4199 1453 4265 promens3

295 4272 349 4336 vel
370 4270 542 4337 rebellibus
565 4265 735 4333 resistendi
758 4265 887 4343 acredo,
911 4265 1095 4331 libertatem
1125 4287 1291 4331 exercens.
1342 4265 1454 4351 Igitur

295 4359 422 4445 vigiliis,
438 4358 581 4445 jejuniis,
598 4353 807 4431 orationibus,
825 4352 983 4431 insistens,
1001 4366 1034 4418 et
1056 4365 1105 4418 tot
1125 4365 1158 4417 et
1180 4352 1276 4417 tantis
1293 4355 1455 4417 virtutum

295 4446 516 4533 praerogativis
539 4440 705 4526 insignitus
728 4440 878 4528 egregius
903 4439 975 4504 Rex
1003 4442 1162 4517 Oswinus,
1191 4440 1221 4504 ei
1248 4440 1455 4505 adversarius·
