3132 5286
274 415 324 493 64
648 427 838 486 ‘claranus
865 433 916 484 nn
945 397 1067 486 curu¹

276 601 440 670 codicibus
456 601 597 685 legerat3
622 612 760 665 matrem
775 622 852 664 vero
867 599 953 662 illius
974 598 1126 663 Sabinam
1140 595 1239 661 fuisse
1254 608 1402 662 vocatam
1418 621 1428 674 ;

276 715 361 781 quae,
385 713 448 777 pro
472 689 648 754 sanctitatis
679 711 746 752 suae
770 686 926 775 religione
951 699 983 750 et
1005 685 1152 750 miranda
1167 688 1427 765 conversatione,

275 802 364 844 nune
379 780 412 841 in
428 789 515 842 terra
529 778 584 840 illa
599 778 631 840 in
647 778 788 841 maxima
802 776 943 840 habetur
958 775 1177 850 veneratione,
1191 789 1223 838 et
1237 797 1338 859 penes
1352 773 1438 838 illos.

275 868 361 932 inter
375 866 493 931 electos
509 866 575 930 Dei
591 878 739 951 reputata
747 877 1012 928 connumeratum·
1054 862 1154 928 Unde
1170 873 1202 926 et
1217 885 1316 926 sacrae
1327 861 1430 947 ipsius

275 954 420 1041 reliquiae
436 967 469 1018 et
482 953 561 1018 locis
577 951 804 1018 sacratioribus
819 965 1021 1038 reponuntur
1036 950 1193 1026 ec'clesiae,
1208 953 1431 1038 memoriaque

277 1043 363 1107 illius
379 1065 488 1106 annua
504 1041 560 1106 ubi
576 1041 712 1128 quiescit
727 1040 861 1104 celebris
884 1039 1032 1104 habetur.
1079 1039 1165 1117 Alia,
1184 1061 1273 1117 vero,
1290 1062 1364 1126 quaa
1387 1039 1430 1103 de

276 1131 353 1216 ipsis
373 1130 493 1207 retulit,
510 1129 543 1192 in
563 1129 642 1194 locis
668 1129 821 1214 hystoriae
845 1128 1104 1212 competentibus
1120 1127 1328 1204 inseruimus3
1353 1129 1431 1214 quia

276 1242 345 1284 non
361 1218 513 1282 convenit
529 1230 565 1282 ut
587 1219 619 1280 in
636 1215 889 1301 praefaeiuncula
903 1215 997 1280 nimis
1013 1217 1109 1278 simus
1125 1214 1230 1290 effusi,
1246 1217 1279 1279 iu
1293 1216 1431 1281 historia

277 1307 356 1372 ve'ro
379 1305 541 1372 succincti.
606 1305 650 1368 At
671 1320 778 1368 tamen
793 1315 987 1388 protestatus
1004 1316 1051 1367 est
1068 1305 1154 1389 quod
1171 1317 1281 1381 mater,
1298 1303 1431 1367 dimisso

277 1397 313 1459 in
336 1394 455 1458 finibus
483 1393 666 1456 Scottorum
689 1415 802 1476 puer0,
819 1393 1022 1474 repatriavit;
1048 1405 1079 1455 et
1094 1391 1139 1456 ibi
1155 1393 1189 1454 iu
1205 1392 1340 1456 ecclesia
1355 1392 1431 1455 reli·

210 1522 220 1532 κ
303 1483 368 1544 iose
394 1493 581 1544 conversata
603 1502 700 1564 penes
726 1503 779 1543 eos
807 1479 865 1542 sub
882 1480 994 1544 habitu
1011 1481 1114 1543 sancti
1131 1479 1286 1544 Monialis
1303 1480 1429 1546 obierit.

279 1507 360 1634 l'ost
376 1572 464 1655 cujus
481 1567 669 1632 relationem
686 1581 718 1631 et
733 1566 868 1630 aliorum
885 1566 1057 1631 veridicam
1071 1567 1324 1644 attestationem,
1342 1569 1432 1632 vide-

278 1657 356 1722 licet
373 1656 511 1721 Mathiae
529 1654 783 1741 Archiepiscopi,
808 1667 841 1719 et
865 1656 975 1719 Sancti
994 1655 1166 1719 Malachiae
1182 1669 1214 1720 et
1231 1657 1383 1720 Giliberti
1399 1669 1434 1719 et

280 1745 388 1822 Alani,
405 1744 652 1830 Episcoporum,
670 1757 702 1808 et
717 1743 948 1806 nonnullorum
962 1757 1187 1808 veteranorum
1203 1743 1243 1807 de
1258 1744 1434 1829 Hybernia

279 1834 493 1909 sacerdotum,
512 1853 654 1896 necnon
677 1846 709 1896 et
732 1830 965 1894 monachorum
980 1830 1115 1916 predicti
1133 1832 1243 1895 Sancti
1258 1831 1433 1896 Malachiae

280 1919 526 2004 Archiepiscopi
556 1918 799 2004 discipulorum,
828 1941 941 1983 manus
972 1919 1111 1983 securius
1138 1921 1364 2004 apposuimus3
1400 1932 1435 1982 et

280 2031 393 2075 eorum
420 2007 508 2072 dicta
531 2006 582 2070 vel
599 2007 792 2082 testimonia,
809 2021 907 2092 prout
930 2007 1093 2094 hystorica
1114 2010 1297 2093 prosecutio
1320 2009 1433 2096 exigit,

280 2097 426 2184 sequenti
450 2095 606 2182 opusculo
630 2095 830 2162 inseruimus.
893 2095 968 2159 Alia
984 2119 1060 2160 vero
1084 2098 1221 2181 propriis
1238 2097 1436 2182 adaptantur

280 2185 372 2263 locis,
390 2207 463 2271 quae
479 2188 520 2250 ab
537 2183 605 2247 aliis
630 2183 799 2247 didicimus
815 2206 869 2246 seu
886 2185 1005 2268 scripta
1020 2183 1235 2268 comperimus
1251 2183 1283 2248 in
1305 2185 1436 2249 Scotto-

280 2295 353 2336 rum
381 2272 482 2337 libris.
531 2271 657 2345 Quibus
683 2271 757 2335 freti
789 2271 989 2349 testimoniiS,
1019 2273 1072 2356 pio
1098 2271 1232 2336 Domini
1249 2270 1437 2336 Confessori

284 2360 467 2425 Cuthberto
484 2360 594 2423 devoti
609 2361 775 2423 offerimus
791 2361 929 2423 exennia
945 2359 1046 2424 nostri
1062 2360 1193 2426 laboris
1246 2359 1352 2433 Quem
1370 2360 1437 2424 ala-

230 2447 236 2452 ’
282 2450 392 2512 crioris
405 2447 503 2512 animi
520 2446 631 2510 sedula
643 2448 818 2510 devocione
829 2447 1026 2530 postulamus
1042 2460 1078 2511 ut
1092 2449 1137 2512 ita
1153 2447 1303 2531 dignetur
1318 2450 1437 2514 habere

282 2549 418 2620 accepta
444 2534 717 2621 quemadmodum
745 2547 857 2598 nostra
888 2535 921 2597 iu
951 2534 1010 2598 hiis
1035 2535 1194 2600 desideria
1224 2536 1292 2621 ejus
1318 2535 1436 2603 honori

282 2635 434 2710 prompta
448 2623 518 2687 fore
533 2623 677 2710 gestiunt
691 2636 788 2709 atque
804 2622 929 2687 devota.
977 2627 1122 2706 Eaplicit
1135 2627 1301 2708 Praefatio.

396 2912 514 3001 [CAP.
531 2911 574 2998 I.]
600 2911 720 2993 Incipit
740 2912 883 2977 Libellus
898 2916 936 2978 de
950 2921 1019 2977 ortu
1034 2915 1143 2981 Sancti
1160 2917 1328 2981 Cutlberti.

331 3133 579 3216 Cuthbertusin
599 3133 728 3198 Christo
751 3133 828 3198 Jesu
844 3159 973 3222 gemma
997 3160 1161 3201 sacrorum
1180 3141 1383 3205 sacerdotum
1407 3156 1440 3206 et

285 3222 402 3288 nobilis
429 3221 532 3306 gloria
558 3221 798 3301 Confessorum,
824 3223 865 3287 de
890 3225 982 3312 regio
1005 3239 1138 3290 stemate
1168 3228 1439 3313 Hybernensium

285 3309 426 3376 traditur
441 3309 538 3373 fuisse
552 3313 753 3395 progenitus.
816 3311 881 3385 Qui
905 3313 946 3376 de
969 3327 1076 3400 styrpe
1093 3316 1182 3402 regia
1198 3317 1274 3380 satis
1290 3319 1440 3382 educitur

285 3415 322 3464 ut
337 3401 452 3462 merito
468 3399 527 3462 flos
544 3413 576 3462 et
586 3421 713 3482 gemma
725 3401 915 3484 pontificum
931 3402 1138 3484 praedicetur.
1186 3404 1280 3482 Nam,
1294 3407 1334 3470 de
1350 3409 1441 3494 regio

285 3501 379 3574 patre
395 3487 536 3573 genitus,
548 3487 589 3549 de
606 3487 690 3574 regis
703 3511 831 3574 quoque
848 3489 1074 3553 nichilominus
1084 3504 1132 3553 est
1144 3491 1211 3555 filia
1227 3511 1438 3582 propagatuS.

288 3572 351 3642 Sic
374 3577 459 3638 enirn
483 3577 532 3648 in
548 3573 819 3661 Hyberniensium
846 3576 1013 3639 annalibus
1042 3579 1261 3644 vetustissimis
1285 3587 1442 3667 scripturn

286 3664 416 3750 legitur,
434 3662 552 3748 quibus
579 3664 662 3726 fides
686 3663 845 3726 celebrior
869 3664 1052 3728 adhibetur.
1115 3667 1194 3731 Erat
1215 3668 1249 3731 in
1269 3670 1442 3756 Hybernia

288 3751 364 3814 Rex
379 3774 566 3838 generosae,
584 3773 625 3814 ex
641 3750 812 3834 praenobili
829 3765 1054 3837 magnatorum
1071 3754 1238 3838 sanguiue,
1255 3760 1311 3843 qui
1332 3758 1441 3822 nativa

288 3837 445 3926 dignitate
469 3841 560 3926 regia
583 3838 706 3901 cunctis
729 3837 859 3921 praefuit
880 3839 1078 3923 majestate*
1126 3844 1210 3906 Nam
1227 3847 1340 3910 attavis
1356 3847 1443 3930 regi-

287 3927 350 3992 bus
366 3927 470 3991 editus
480 3926 556 4011 ipsis
569 3947 629 4010 pro
639 3937 765 3988 naturae
777 3925 901 4010 legibus
913 3926 974 3991 fuit
992 3928 1173 4015 Hyberniae
1183 3935 1312 4021 regibus
1328 3935 1443 4020 septri-

288 4039 368 4104 gera
377 4027 537 4102 potestate
549 4013 752 4096 praepositus.
790 4013 855 4087 Qui
869 4015 953 4100 Regi
965 4016 1118 4081 caelorum
1129 4021 1245 4084 merito
1261 4045 1443 4087 morumas-

289 4104 380 4167 sidue
393 4101 561 4178 militabat,
573 4113 605 4164 et
617 4099 716 4164 fidem
724 4101 952 4182 Christianam,
964 4123 1264 4193 quamperceperat,
1270 4110 1330 4196 piis
1337 4112 1445 4197 operi-

289 4189 350 4254 bus
362 4188 551 4254 exornabat.
570 4188 644 4279 “Hic
659 4189 693 4252 iu
708 4191 838 4256 civitate
848 4191 1128 4278 Hyberniensium
1144 4197 1352 4277 nobilissima,
1370 4221 1444 4287 quae

327 4370 341 4400 ⁶
362 4369 376 4396 ⁴¹
386 4363 424 4416 Et
435 4370 536 4418 caetera.
566 4363 648 4434 Cujus
655 4333 726 4418 filius
738 4367 901 4421 cuthbertus
912 4371 954 4419 vir
962 4371 1089 4420 sanctus'.
1109 4371 1196 4424 These
1205 4373 1287 4427 words
1298 4393 1342 4428 are
1354 4373 1445 4444 placed

290 4431 385 4558 {gaggis
403 4434 513 4526 margin,
525 4434 581 4520 ¹and
598 4445 614 4522 a
633 4433 721 4490 lineis
733 4435 821 4491 drawn
833 4443 861 4491 to
873 4438 1017 4506 majestate,
1029 4453 1056 4490 as
1067 4437 1092 4490 tf
1106 4439 1171 4510 they
1182 4455 1255 4496 came
1266 4441 1294 4497 in
1305 4444 1374 4500 atter
1385 4442 1445 4497 that
