3132 5286
523 428 660 484 snucrr
690 431 812 484 nara.
1171 407 1239 486 las

98 597 295 681 pontificem,
323 620 363 663 eo
391 597 600 675 transferret3
624 607 814 665 attestantes
841 596 986 663 sufficere
1013 617 1105 684 posse
1134 596 1240 663 eidem

98 685 242 752 ecclesiae
268 687 406 775 pignora
431 685 638 788 reliquiarum
665 701 851 753 sanctorum
874 699 1012 776 quatuor
1037 685 1237 773 pontificum,

98 775 213 863 quibus
233 790 352 860 proeter
374 775 479 861 ipsum
504 799 573 861 ipsa
599 775 890 862 Haugustaldensis
914 777 1047 842 ecclesia
1069 774 1240 864 magnifice

97 864 251 950 polleret3
285 864 394 930 nescio
425 888 487 952 qua
517 863 669 949 opinione
699 865 787 930 ducti
820 878 856 930 ut
896 865 1038 930 dicerent
1067 865 1158 930 illum
1189 887 1242 931 ec·

95 953 203 1018 clesiae
239 953 451 1019 Eboraceusis
481 953 623 1020 extitisse
663 953 849 1031 antistitem,
880 977 954 1019 cum
984 976 1046 1018 nec
1079 954 1113 1016 in
1142 952 1242 1019 histo·

95 1045 144 1106 ria
177 1042 276 1108 Bedae
306 1041 474 1129 presbiteri
505 1065 566 1107 nec
592 1043 625 1107 iu
660 1043 731 1107 ullis
757 1041 863 1132 gentis
895 1041 1079 1132 Anglorum
1105 1042 1240 1107 cronicis

94 1130 158 1197 hoc
188 1133 378 1197 inveniatur.
448 1131 572 1196 Annuit
602 1154 681 1220 ergo
719 1154 830 1197 eorum
867 1133 1017 1219 precibus
1047 1131 1240 1218 importunis

97 1218 385 1307 Archiepiscopus3
409 1231 442 1285 et
457 1219 617 1285 ordinavit
643 1222 765 1300 exeis,
792 1218 846 1308 qui
872 1242 980 1286 secum
1001 1230 1173 1307 pergerent
1199 1221 1242 1286 ad

96 1307 356 1386 Hestoldesham,
379 1308 421 1374 ad
436 1308 518 1373 illud
532 1309 710 1394 negotium,
738 1307 826 1397 quod
856 1309 886 1374 ei
911 1309 1141 1410 suggerebant,
1167 1330 1239 1394 per-

94 1399 266 1486 agendum.
318 1397 492 1463 Audientes
521 1409 630 1462 autem
655 1397 716 1462 hoc
741 1399 857 1463 lintres
874 1396 1018 1463 ecclesiae
1044 1395 1240 1486 Haugustal-

93 1487 212 1567 densis,
228 1485 321 1552 valde
344 1486 452 1552 tristes
475 1485 579 1552 effecti
610 1500 705 1565 sunt;
729 1500 771 1565 et,
800 1484 840 1550 de
860 1484 995 1552 Domini
1021 1484 1241 1552 misericordia

92 1577 226 1641 tandem
240 1575 359 1640 fiducia
373 1589 516 1662 accepta,
533 1588 678 1640 sanctum
697 1574 802 1640 Eatan
813 1572 943 1640 intentis
958 1572 1107 1660 precibus
1123 1597 1237 1642 exora-

92 1665 182 1743 bant,
195 1687 237 1729 ne
252 1663 359 1730 locum
383 1685 480 1751 quem
495 1664 605 1728 vivens
629 1664 825 1750 excoluerat,
854 1661 1024 1742 dilexerat,
1050 1685 1171 1750 suaque
1188 1687 1238 1730 se·

90 1753 224 1838 pultura
237 1751 501 1837 locupletaverat,
519 1749 709 1837 despiceret,
735 1750 911 1831 desereret,
936 1773 1056 1841 suaque
1071 1751 1238 1839 presencia

89 1840 251 1905 viduaret.
310 1837 494 1904 Adveniens
541 1840 650 1928 itaque
678 1837 965 1928 Archiepiscopus,
1010 1839 1238 1908 comitantibus

88 1950 201 1995 secum
216 1925 390 2012 supradicti
413 1927 535 2018 negotii
558 1927 811 2014 instigatoribus,
838 1927 880 1994 ad
905 1927 1165 2010 Hestoldesham,
1182 1930 1240 1996 ali·

87 2014 218 2108 quantis
248 2013 362 2080 diebus
391 2014 457 2080 illic
483 2014 666 2082 demoratus
697 2031 755 2084 est.
811 2017 891 2105 Ipsa
911 2030 1020 2084 autem
1045 2032 1149 2098 nocte,
1174 2041 1239 2107 qua

86 2116 262 2182 transacta,
277 2102 478 2168 venerabiles
500 2103 651 2192 reliquias
666 2117 832 2192 asportare
855 2102 1090 2191 disposuerant,
1113 2106 1148 2171 in
1170 2106 1239 2194 ipsa

87 2207 259 2283 tempestae
275 2189 377 2258 noctis
393 2189 512 2281 quiete,
530 2192 787 2281 Archiepiscopo
803 2214 938 2281 sompno
953 2193 1120 2282 depresso,
1136 2216 1237 2283 appa·

87 2282 156 2351 ruit
170 2281 199 2348 ei
214 2280 345 2371 quidam
361 2278 409 2344 vir
434 2281 617 2346 veneranda
639 2283 755 2368 specie,
771 2281 948 2371 habituque
971 2282 1149 2368 pontificali
1176 2283 1237 2349 cir·

89 2370 309 2449 cumamictus,
321 2381 354 2434 et
368 2367 491 2454 virgam
505 2370 699 2456 pastoralem
714 2369 748 2435 in
763 2391 861 2436 mauu
875 2392 991 2457 gerens
1007 2385 1040 2438 et
1050 2371 1235 2438 terribiliter

87 2461 263 2545 respiciens
279 2456 574 2544 Archiepiscopum,
591 2456 637 2522 sic
674 2457 833 2524 allocutus
849 2473 898 2524 est
914 2481 996 2526 eum.
1043 2459 1171 2537 “Quid
1186 2475 1234 2528 est

88 2548 178 2640 quod
192 2546 298 2612 facere
314 2543 485 2632 disponis?
529 2546 657 2612 Venisti
671 2545 745 2627 buc,
761 2559 799 2614 ut
814 2547 920 2615 mede
935 2547 1009 2614 loco
1024 2549 1140 2651 quietis
1152 2571 1233 2616 mete

87 2640 131 2705 ad
146 2636 285 2703 alienam
309 2634 474 2701 ecclesiam
486 2635 677 2713 transferas3
701 2636 790 2724 quod
814 2635 875 2702 tibi
897 2661 917 2703 a
942 2636 1087 2703 Domino
1107 2640 1235 2726 jussum

85 2750 154 2793 non
170 2738 230 2792 est.
285 2722 372 2790 Dico
387 2721 445 2789 tibi
466 2722 541 2810 quia
555 2746 667 2811 poenas
691 2735 756 2789 tuae
777 2725 1030 2811 presumptionis
1045 2725 1144 2792 lues.”
1190 2725 1234 2793 Et

88 2817 218 2882 elevans
229 2812 391 2891 baculum,
414 2833 510 2900 quem
532 2833 629 2878 manu
643 2812 801 2903 gestabat,
818 2813 973 2901 percussit
988 2835 1062 2880 eum
1077 2814 1127 2878 bis
1139 2835 1236 2902 super

87 2907 269 2981 humerum,
298 2915 330 2967 et
345 2900 543 2966 comminans
566 2902 595 2967 ei
621 2901 826 2967 vehementer
855 2903 1023 2988 disparuit.
1069 2901 1237 2993 Experge·

85 2994 190 3059 factus
204 3013 282 3056 vero
297 2989 569 3077 Archiepiscopus
592 3012 661 3076 prae
676 2989 777 3055 nimio
792 2989 907 3056 timore
922 2991 1103 3058 exclamare
1118 2993 1236 3079 coepit3

87 3102 263 3168 omnesque
279 3076 412 3145 clericos
428 3099 536 3142 coram
566 3077 622 3144 illo
650 3079 846 3145 dormientes
873 3080 1007 3147 turbatis
1022 3080 1155 3147 vocibus
1178 3103 1237 3146 ex-

87 3169 208 3247 citavit,
224 3190 409 3255 pavensque
421 3180 454 3234 et
466 3179 615 3247 tremens,
653 3169 708 3234 uid
721 3166 850 3234 vidisset
862 3169 914 3234 vel
928 3192 1097 3256 perpessus
1113 3169 1234 3251 fuisset,

88 3261 133 3327 eis
148 3255 265 3327 retulit.
313 3255 500 3346 Statimque,
526 3278 620 3322 mane
629 3192 732 3337 iacto,
749 3255 835 3320 misit
857 3270 991 3342 propter
1004 3258 1118 3322 fratres
1134 3258 1237 3324 eccle·

85 3349 162 3427 siae3
185 3342 374 3434 rogavitque
389 3370 444 3412 eos
459 3366 519 3429 pro
535 3367 569 3408 se
585 3365 699 3423 orare3
723 3357 800 3411 voto
816 3368 851 3411 se
866 3345 1014 3431 obligans
1030 3346 1119 3499 (lpuod
1132 3367 1236 3412 nunc-

85 3461 183 3525 quam
198 3432 334 3520 amplius
350 3434 446 3501 vellet
472 3431 639 3498 ecclesiam
668 3432 985 3520 Haugustaldeusem
1012 3457 1032 3499 u
1058 3458 1079 3499 o
1101 3457 1234 3501 suorum

83 3541 298 3613 patronorum
313 3522 461 3606 spoliare·
511 3520 604 3586 Idem
618 3535 684 3589 tres
708 3535 817 3588 autem
837 3523 1007 3589 continuos
1034 3523 1103 3589 dies
1129 3523 1162 3587 iu
1184 3523 1234 3587 in-

83 3617 236 3687 firmitate
251 3610 412 3691 detentus,
435 3623 551 3703 quarta
561 3610 693 3678 demum
708 3610 761 3676 die
775 3610 960 3689 convaluit3
977 3611 1096 3701 sicque,
1112 3609 1233 3679 infecto

83 3705 217 3795 negotio
231 3719 292 3790 pro
307 3719 373 3788 quo
388 3711 530 3782 venerat,
554 3698 768 3770 conclericis
784 3701 848 3770 suis
877 3698 1063 3770 Eboracum
1084 3719 1232 3773 reversus

83 3805 142 3862 ests
