3132 5286
211 494 214 500 ·
300 471 372 542 lae
836 489 928 542 viri

301 668 400 742 atque
418 655 488 740 ejus
503 655 792 722 ammonicionibus
807 656 970 721 humiliter
981 677 1018 721 ac
1030 655 1170 721 libenter
1185 653 1381 731 auscultans,
1399 673 1450 718 ec·

302 744 431 808 clesiam
460 745 581 810 Christi
605 744 639 807 iii
665 767 766 832 regno
797 769 855 810 suo
879 745 1016 810 multum
1039 744 1211 832 diligenter
1233 742 1386 807 edificare
1414 764 1451 806 ac

303 833 439 897 dilatare
456 832 588 901 curavit.
637 832 917 900 Construebautur
933 856 1011 919 ergo
1027 833 1171 898 ecclesiae
1185 853 1243 918 per
1258 831 1349 906 loca3
1373 853 1451 894 con·

302 921 449 986 fluebant
464 921 506 986 ad
530 921 726 986 audiendum
742 924 877 987 verbum
899 923 1012 1008 populi
1027 920 1201 1011 gaudentes
1211 944 1220 996 ;
1245 919 1451 984 donabantur

303 1009 395 1096 regio
418 1032 551 1074 munere
573 1010 789 1096 possessiones
806 1028 838 1077 et
861 1010 1023 1075 territoria
1045 1011 1086 1076 ad
1102 1008 1301 1074 instituenda
1323 1030 1452 1072 monas-

303 1099 392 1165 teria.
441 1100 491 1162 Ac
506 1121 584 1162 vero
597 1098 764 1185 episcopus
782 1100 940 1178 Aidauus,
957 1101 1042 1164 inter
1057 1100 1119 1164 alia
1133 1097 1259 1164 vivendi
1276 1096 1451 1160 documen-

303 1198 345 1263 ta,
363 1187 609 1251 saluberrimum
620 1187 826 1253 abstinenciae
841 1188 893 1253 vel
907 1189 1120 1253 continenciae
1129 1185 1253 1252 clericis
1266 1184 1451 1270 exemplum

303 1274 451 1363 reliquit3
475 1275 566 1361 cujus
589 1274 768 1342 doctrinam
791 1275 825 1340 id
847 1277 989 1340 maxime
1012 1273 1259 1342 commendabat
1280 1274 1370 1360 quod
1384 1295 1450 1336 non

304 1363 396 1427 aliter
411 1387 507 1450 quam
528 1364 655 1427 vivebat
683 1369 743 1448 [ita
775 1388 846 1433 cum
864 1367 927 1428 suis
955 1364 1021 1450 ipse
1037 1365 1175 1429 docebat
1203 1368 1292 1449 [ita]
1341 1359 1451 1426 Nichil

305 1449 388 1515 enini
413 1452 507 1538 hujus
534 1451 644 1516 mundi
668 1475 813 1538 quaerere
837 1452 935 1518 nichil
962 1475 1068 1518 amare
1093 1453 1225 1518 solebat.
1271 1452 1310 1512 In
1326 1461 1453 1513 tantum

304 1553 410 1604 autem
421 1541 486 1604 vita
494 1540 578 1603 illius
591 1565 610 1604 a
625 1541 728 1604 nostri
740 1541 891 1627 temporis
907 1541 1044 1629 segnicie
1054 1541 1206 1617 distabat,
1217 1552 1254 1604 ut
1263 1560 1386 1614 onmes,
1399 1537 1451 1624 qui

304 1627 629 1706 cumeoiucedebant‚
642 1629 707 1694 sive
719 1632 838 1694 attonsi
847 1631 913 1694 sive
922 1629 1006 1708 laici,
1017 1628 1162 1694 meditari
1173 1629 1339 1705 deberent,
1350 1625 1384 1689 id
1396 1639 1451 1703 est,

303 1730 359 1782 aut
381 1717 527 1801 legendis
546 1718 712 1804 scripturis
736 1733 791 1783 aut
801 1718 931 1804 psalmis
947 1717 1090 1783 dicendis
1105 1739 1237 1803 operam
1252 1716 1340 1780 dare.
1389 1714 1453 1778 Iste

305 1805 405 1894 igitur
419 1805 704 1870 reverendissimus
728 1807 909 1893 episcopua,
926 1809 1010 1871 inter
1033 1821 1151 1871 caetera
1163 1804 1319 1870 doctrinae
1335 1817 1453 1868 sanctae

306 1906 338 1956 et
351 1916 484 1979 operum
501 1893 671 1957 illustrium
687 1895 824 1983 iusignia
847 1897 1016 1980 praecocia,
1032 1895 1134 1959 eciam
1150 1893 1321 1959 duodecim
1337 1914 1451 1977 pueros

306 1980 347 2046 de
359 1981 494 2046 nacione
510 1981 703 2068 Auglorum,
721 1982 753 2048 iu
779 1983 908 2050 Christo
923 1984 1126 2064 erudiendos,
1142 1984 1246 2068 primo
1269 1982 1319 2048 sui
1331 1981 1453 2066 opisco-

305 2083 398 2222 patus
425 2084 568 2156 tempore
599 2070 748 2156 suscepit.
797 2071 850 2136 Ex
876 2071 991 2160 quibus
1021 2095 1103 2136 uuus
1126 2072 1232 2136 extitit
1257 2071 1348 2148 Eata,
1373 2091 1453 2154 puer

330 2182 402 2224 onae
428 2159 555 2238 indolis,
581 2172 694 2224 natura
721 2160 846 2241 docilis,
870 2183 908 2226 ac
938 2160 1095 2226 mansueti
1110 2158 1208 2226 animi
1235 2156 1340 2223 valde.
1386 2157 1452 2234 Qui

307 2247 479 2313 eruditoris
491 2249 539 2314 sui
555 2248 673 2313 sanctis
690 2247 817 2314 monitis
834 2262 866 2315 et
890 2249 1044 2335 exemplis
1056 2249 1185 2314 sedulus
1200 2247 1340 2324 auditor,
1362 2269 1453 2312 men-

306 2349 404 2437 teque
420 2350 507 2403 totus
524 2335 697 2417 inhaereus,
713 2337 803 2402 brevi
818 2339 907 2403 omui
929 2360 1054 2403 morum
1072 2338 1240 2404 honestata
1261 2336 1453 2420 conspicuus

307 2427 433 2492 enituit.
482 2425 605 2513 Itaque,
630 2425 687 2490 ubi
701 2426 901 2513 perfectioris
917 2425 1020 2494 aetatis
1043 2440 1145 2492 metas
1156 2425 1273 2514 attigit,
1299 2436 1450 2510 acceptus

308 2507 383 2578 Deo
398 2526 431 2578 et
445 2513 639 2592 hominibus,
653 2514 828 2580 monachus
848 2516 961 2595 factus,
977 2515 1127 2582 monachi
1142 2527 1237 2582 nocte
1250 2525 1283 2580 et
1298 2512 1350 2578 die
1374 2511 1454 2598 vigi·

305 2601 384 2689 lavit
407 2599 555 2668 inactus.
600 2605 681 2669 Erat
702 2626 841 2692 namque
857 2606 905 2668 vir
929 2603 1101 2690 pacienciae
1117 2605 1233 2670 virtute
1259 2601 1451 2688 praecipuus,

306 2691 452 2758 castitate
463 2691 613 2768 mundus,
631 2691 767 2758 affabilis
783 2707 815 2758 et
832 2693 994 2779 jocundus
1010 2694 1169 2773 omnibus,
1187 2704 1228 2772 et,
1246 2706 1282 2756 ut
1303 2713 1453 2756 reveren-

307 2780 447 2846 tissimus
466 2779 557 2846 Beda
572 2781 728 2865 presbiter
743 2781 784 2846 de
800 2805 840 2847 eo
857 2794 1004 2861 testatur,
1020 2805 1088 2866 prae
1100 2781 1248 2848 omuibus
1271 2778 1452 2844 hominibus

306 2869 559 2958 mansuetudinis
583 2873 615 2935 et
630 2869 839 2958 simplicitatis
850 2871 955 2960 gratia
969 2873 1151 2938 decoratus.
1198 2871 1371 2934 Crescente
1394 2867 1454 2932 ita·

307 2981 370 3046 que
386 2980 425 3022 eo
437 2957 536 3042 magis
552 2981 590 3024 ac
605 2961 706 3048 magis
716 2959 750 3023 in
765 2962 862 3026 sacris
875 2961 1058 3038 virtutibuS,
1076 2960 1178 3024 crevit
1193 2970 1224 3024 et
1239 2959 1272 3021 iu
1288 2980 1327 3024 eo
1350 2956 1455 3043 gratia

308 3045 456 3122 coelestis,
473 3046 538 3111 suis
553 3046 644 3111 illum
659 3046 852 3113 sullimando
864 3049 1098 3114 karismat'ibus.
1146 3047 1225 3114 Post
1235 3069 1302 3112 non
1317 3045 1454 3113 multum

309 3134 395 3200 enim
412 3133 578 3222 temporis,
595 3135 706 3200 Abbas
722 3135 928 3224 dignissimus
944 3137 1074 3202 effectus
1097 3136 1240 3202 ecclesiae
1257 3134 1454 3199 Mailroceu-

309 3223 362 3303 sis,
375 3224 477 3288 multo
492 3221 621 3309 majoris
633 3222 821 3289 humilitatis
837 3248 875 3290 ac
897 3224 1037 3290 caritatis
1053 3224 1211 3310 exempla,
1229 3245 1325 3311 quam
1348 3235 1452 3300 autea,

308 3311 460 3378 fratribus
483 3311 642 3412 praestitit.
691 3312 789 3378 Unde
810 3336 885 3378 euin
900 3337 1010 3380 omnes
1033 3311 1182 3378 monachi
1200 3310 1454 3400 fragrantissimo

309 3423 420 3466 amore
436 3400 617 3488 diligentes,
635 3423 701 3466 non
713 3400 803 3490 quasi
818 3402 974 3468 minacem
988 3403 1176 3488 magistrum
1192 3400 1390 3475 metuebant,
1399 3398 1455 3464 sed

309 3501 346 3554 ut
361 3488 450 3575 pium
465 3503 592 3575 patrem
607 3489 778 3556 affectuose
794 3491 1100 3576 complectebantur.
1147 3487 1224 3554 Nou
1233 3489 1337 3554 solum
1347 3502 1455 3556 autem

310 3577 476 3645 monachis
502 3592 535 3643 et
558 3578 680 3644 clericis
703 3576 819 3644 merito
841 3580 1018 3646 sanctitatis
1034 3594 1066 3646 et
1088 3577 1236 3664 exemplo
1259 3577 1361 3644 tocius
1384 3575 1457 3642 reli·

305 3664 414 3754 ¹gionis
430 3666 630 3745 venerabilis,
652 3665 709 3731 sed
724 3679 756 3733 et
775 3669 959 3752 potentibus
971 3682 1005 3734 et
1019 3668 1168 3734 divitibus
1194 3666 1287 3752 hujus
1303 3666 1404 3732 seculi
1422 3664 1456 3730 iii

310 3767 436 3822 tantum
454 3754 650 3820 honorabilis
666 3756 783 3834 extitit,
800 3769 836 3822 ut
858 3753 918 3842 ipsi
933 3758 1035 3824 eciam
1046 3780 1136 3846 reges
1151 3757 1252 3834 illum,
1265 3769 1302 3821 ut
1315 3767 1454 3842 patrem,

311 3842 464 3921 colerent,
482 3844 569 3910 etad
584 3844 800 3910 construenda
817 3848 1008 3911 monasteria
1024 3862 1125 3912 terras
1147 3860 1180 3912 et
1193 3845 1410 3933 possessiones
1425 3849 1456 3912 ei

310 3931 435 3998 liberali
445 3931 550 3998 animo
559 3933 761 4022 largirentur.
808 3936 854 3999 At
869 3933 923 3999 ille
937 3935 1091 4020 gaudens,
1108 3958 1167 4022 pro
1179 3935 1358 4003 devocione
1366 3938 1457 4024 priu-

313 4021 419 4106 cipum
435 4043 511 4112 erga
524 4022 588 4088 Dei
603 4022 735 4102 cultum,
752 4021 900 4088 ecclesias
917 4037 949 4088 et
971 4027 1165 4093 monasteria
1179 4023 1324 4109 diligenti
1347 4026 1456 4092 studio

312 4109 390 4174 locis
406 4111 594 4196 opportunis
615 4111 813 4178 instituebat.
858 4111 1043 4199 Discipulos
1058 4136 1187 4201 quoque
1203 4113 1305 4180 bonos
1320 4127 1457 4182 sanctae·

313 4222 377 4287 que
406 4200 655 4266 conversationis
679 4198 792 4264 studiis
822 4222 956 4287 operam
985 4201 1097 4268 dautes
1118 4204 1152 4268 iu
1181 4203 1256 4290 ipsis
1279 4225 1457 4308 aggregare

314 4286 461 4366 studuit3
498 4290 583 4356 inter
604 4310 696 4377 quos,
720 4300 752 4354 et
775 4311 844 4375 prae
867 4289 984 4376 quibus
1006 4290 1161 4376 speciales
1184 4304 1217 4358 et
1239 4290 1456 4394 insignissimi,

314 4393 406 4444 erant
421 4377 558 4446 Boisilus
574 4389 606 4442 et
620 4375 832 4456 Cuthbertus;
856 4378 952 4444 ambo
974 4380 1034 4444 viri
1048 4377 1139 4448 mirae
1155 4381 1330 4448 sanctitatis
1353 4381 1459 4448 nitore

312 4463 467 4548 lucentes,
483 4467 579 4536 ambo
593 4464 708 4554 spiritu
722 4465 913 4553 prophetico
924 4467 1095 4557 magnifice
1110 4469 1278 4558 pollentes.
1299 4468 1459 4560 Equibus
