3094 5292
493 507 606 558 uncis
629 505 853 557 nnrnoauu.
1197 491 1242 558 31

95 763 196 827 CAP.
219 760 256 825 X
258 759 506 838 VL-Qualiter
529 761 563 820 ia
584 758 712 829 corbati
734 758 801 838 ejas
822 758 933 819 mulier
947 758 985 820 de
999 759 1153 821 arram
1176 759 1249 822 Da-

202 848 348 926 oelmeasi
362 844 384 909 a
398 865 505 909 renam
519 847 679 926 lanquoro,
695 863 756 926 qao
769 843 940 919 laborabat,
958 847 1001 907 sit
1013 852 1138 908 sanata.

142 1018 228 1084 Illud
242 1017 340 1082 etiam
356 1016 557 1081 lert'animus
576 1014 708 1079 litterali
724 1015 952 1079 commendare
966 1016 1141 1095 memoriae,
1159 1018 1249 1103 qnod

93 1107 126 1171 in
142 1104 290 1192 sequenti
305 1126 390 1168 anno
404 1102 501 1167 laude
524 1102 655 1187 plenum
670 1113 704 1165 et
726 1101 792 1166 fide
808 1101 927 1166 lactum
950 1103 1138 1186 agnovimus
1153 1103 1249 1168 mira·

94 1193 214 1258 culum.
256 1189 441 1255 Absurdum
457 1188 543 1254 enim
558 1201 592 1252 et
606 1187 772 1271 indignum
789 1187 928 1265 videtur,
945 1201 983 1251 ut
998 1204 1153 1275 quantum
1169 1190 1249 1255 Om-

95 1280 245 1363 nipotens
273 1276 433 1341 Dominus
463 1297 523 1360 per
544 1274 719 1359 gloriosum
745 1273 868 1358 Regem
892 1287 926 1338 et
951 1275 1131 1362 Martyrem
1153 1299 1249 1340 snum

100 1364 265 1430 Oswinum
290 1362 415 1448 operari
439 1361 600 1446 dignetur,
630 1361 648 1424 a
674 1361 763 1424 nullo
791 1361 842 1425 vel
868 1360 1070 1447 aliquatenus
1094 1363 1249 1449 scriptum
1324 1423 1326 1432 ,

95 1463 303 1516 memoretur.
352 1449 450 1515 Unde
465 1448 541 1535 quia
554 1447 660 1510 nullus
672 1447 788 1533 estqui
803 1447 836 1510 id
852 1447 956 1532 operis
971 1449 1160 1533 propensius
1172 1473 1250 1514 exe-

97 1551 225 1625 quatur,
239 1559 297 1600 nos
312 1535 363 1620 pie
379 1548 620 1620 praesumentes,
635 1546 668 1598 et
680 1533 721 1598 de
736 1533 857 1598 meritis
869 1533 967 1618 ipsius
983 1535 1077 1600 Beati
1094 1536 1248 1623 Martyris

98 1638 131 1689 et
145 1623 341 1689 oboedientia
355 1621 566 1699 confidentes,
582 1620 730 1705 eligimus
753 1621 794 1684 de
811 1621 982 1686 virtutibus
1005 1623 1075 1706 ejus
1098 1637 1131 1688 et
1153 1624 1250 1688 mira-

98 1711 176 1775 culis
207 1709 328 1796 aliquid
359 1707 635 1795 qualitercumque
669 1729 766 1792 quam
801 1706 898 1770 nichil
932 1708 1063 1772 omnino
1096 1710 1250 1776 scribere.

101 1797 204 1882 Igitur
218 1797 369 1882 quaedam
384 1794 498 1858 mulier
512 1794 543 1857 in
560 1793 722 1858 territorio
739 1793 891 1856 Dunelmi
910 1793 1047 1859 civitatis
1063 1796 1193 1881 degens,
1210 1820 1249 1862 ac

97 1885 201 1948 multo
223 1906 266 1947 ex
290 1895 434 1967 tempore
457 1880 547 1966 gravi
569 1903 682 1944 renum
705 1879 893 1958 valitudine,
918 1893 1085 1946 contracto
1112 1906 1248 1969 corpore

98 1970 250 2034 inclinata
264 1991 405 2044 manens,
422 1967 468 2032 ita
483 1981 519 2032 ut
535 1989 736 2053 nequaquam
753 1978 873 2045 erecta,
890 1989 950 2031 nec
967 1969 1100 2053 uspiam,
1117 1971 1178 2033 nisi
1192 1973 1250 2036 ba

99 2056 176 2121 culis
192 2056 333 2133 suffislta,
346 2055 522 2140 procedere
538 2066 656 2138 posset,
670 2054 713 2117 ad
726 2052 933 2118 festivitatem
944 2058 1013 2140 jam
1029 2055 1106 2119 dicti
1124 2057 1251 2143 Marty-

98 2143 142 2206 ris
164 2143 238 2207 licet
262 2141 467 2206 incommodo
490 2140 544 2204 tali
568 2140 714 2224 praedita,
731 2138 869 2225 qualiter
891 2153 1000 2204 tamen
1015 2142 1131 2226 potuit,
1150 2146 1249 2208 venit.

101 2230 250 2316 Cumque
266 2229 298 2292 in
314 2227 447 2292 ecelesia
466 2225 559 2291 Beati
578 2226 731 2311 Martyris
753 2225 870 2309 posita,
887 2249 943 2310 spe
959 2227 1151 2312 recipiendas
1167 2230 1251 2295 sani·

99 2316 175 2381 tatis
190 2314 399 2380 intentissime
415 2335 488 2377 cum
502 2312 640 2377 lacrimis
655 2313 787 2389 orasset,
805 2311 881 2398 quia
895 2314 1033 2378 fideliter
1049 2315 1162 2394 oravit,
1179 2340 1250 2382 eam

99 2402 250 2466 nimirum
273 2400 435 2466 miseratio
450 2399 559 2464 divina
574 2400 672 2484 juxta
693 2399 791 2463 fidem
813 2421 904 2462 suam
926 2400 971 2464 nil
986 2414 1097 2465 votum
1112 2419 1248 2484 morata,

100 2491 141 2556 ab
157 2489 244 2554 omni
259 2487 445 2553 infirmitate
461 2487 517 2550 sua
531 2509 590 2572 per
604 2486 734 2571 gloriosi
751 2485 905 2572 Martyris
920 2487 1036 2553 merita
1050 2489 1209 2556 liberavit.

103 2752 202 2818 CAP.
219 2751 256 2814 X
257 2751 432 2816 VIL-Da
442 2753 568 2814 matare
576 2759 741 2831 acromate
749 2753 802 2814 cui
811 2750 943 2814 Sanctae
953 2751 1084 2833 Mortyr
1094 2731 1127 2816 iri
1137 2757 1254 2817 somnis

196 2841 369 2921 apparuit:
392 2839 627 2921 qrralitajuato
641 2839 764 2901 rabum
777 2838 843 2918 ejus
856 2839 953 2900 saluti
966 2841 1010 2900 sit
1021 2842 1154 2903 reddita.

150 3011 217 3076 Sed
238 3033 344 3097 neque
359 3010 421 3074 hoc
436 3008 564 3074 silentio
579 3008 632 3072 vel
650 3007 804 3073 oblivioni
827 3008 1022 3075 tradendum
1036 3024 1096 3090 est,
1114 3012 1202 3099 quod
1217 3014 1251 3078 in

102 3097 217 3164 eadem
243 3097 353 3162 Sancti
380 3096 480 3180 Regis
505 3109 539 3161 et
570 3095 724 3181 Martyris
755 3095 875 3160 Oswini
905 3097 1078 3176 mansione,
1110 3100 1172 3164 hoc
1202 3113 1252 3165 est

100 3185 347 3271 *Tynemudtha
363 3184 426 3248 alia
434 3183 583 3270 quaedam
597 3182 773 3247 innocentis
789 3184 865 3246 vitae
880 3197 1027 3249 matrona
1040 3185 1073 3248 in
1088 3186 1253 3252 viduitatis

102 3271 271 3357 proposito
283 3270 301 3334 ὲ
312 3271 427 3335 diebus
438 3269 546 3334 multis
561 3268 763 3334 laudabiliter
773 3270 893 3345 vivens,
906 3270 1126 3370 hujuscemodi
1137 3275 1254 3358 jocun-

103 3359 148 3422 da
161 3360 284 3423 visione
302 3357 467 3422 laetilicare
482 3356 668 3442 promeruit.
717 3356 801 3419 Cum
820 3356 905 3419 enim
925 3356 977 3421 dre
995 3360 1145 3444 quddam,
1162 3363 1253 3446 gravi

104 3458 194 3510 tacta
213 3445 428 3521 incommodo,
445 3443 654 3508 vehementer
668 3442 821 3505 infirmari
837 3442 995 3527 coepisset,
1013 3445 1147 3530 simplici
1162 3448 1254 3513 femi-

103 3555 233 3619 neoque
255 3532 354 3596 ducta
375 3529 508 3594 consilio
531 3530 647 3594 trinam
662 3527 753 3592 dedit
771 3541 902 3608 sortem,
920 3530 1049 3596 ubinam
1071 3533 1104 3596 in
1120 3536 1254 3600 ecelesia

108 3621 238 3684 Sanctae
263 3618 328 3683 Dei
353 3617 523 3702 genetricis
549 3616 665 3682 Mariae
689 3628 904 3700 pernoctaret,
930 3640 995 3704 quo
1018 3619 1059 3684 ab
1085 3621 1255 3706 ingruente

103 3706 200 3771 eitius
222 3705 413 3770 liberaretur
435 3703 638 3788 aegritudine.
686 3703 804 3766 Evenit
827 3703 936 3790 itaque
958 3708 1052 3770 sortis
1075 3708 1199 3788 inditio,
1217 3723 1254 3775 ut

103 3793 148 3858 ad
162 3792 325 3857 basilicam
340 3791 486 3876 ejusdem
502 3791 587 3855 villae
599 3789 769 3875 vigilatura
780 3790 940 3855 divertere
956 3792 1099 3860 deberet.
1146 3797 1254 3863 Nocte

105 3878 185 3944 verb
212 3879 359 3965 sequenti
385 3879 427 3942 ob
452 3877 633 3942 valitudinis
660 3876 840 3941 molestiam
863 3877 951 3941 domi
975 3902 1153 3960 remanens,
1182 3908 1256 3950 eum

103 3967 241 4031 menbra
263 3989 321 4029 sua
346 3963 453 4049 sopori
477 3964 628 4041 dedisset,
654 3963 802 4048 apparuit
827 3964 857 4029 ei
887 3965 1093 4031 Beatissimus
1123 3970 1196 4035 Rex
1223 3984 1257 4036 et

106 4054 239 4139 Martyr
261 4052 427 4127 Oswinus;
451 4051 552 4128 vultu,
569 4073 659 4128 voce,
676 4063 710 4115 et
730 4051 853 4129 habitu,
871 4051 1057 4118 mirabiliter
1075 4057 1256 4139 gratiosus;

104 4142 179 4205 haec
202 4139 324 4204 dicens.
372 4139 491 4203 “Cur”
515 4138 618 4224 inquit
643 4137 762 4215 “alias,
786 4137 812 4200 si
835 4161 902 4202 sors
925 4138 971 4203 ita
993 4140 1135 4220 caderet,
1160 4167 1257 4230 quarn

105 4229 151 4292 ad
175 4226 379 4312 sepulchrum
400 4247 508 4290 meum
530 4223 716 4308 sospitatem
736 4246 882 4310 quaerere
905 4224 1081 4308 delegeras,
1099 4252 1172 4316 quae
1197 4255 1256 4297 uec

96 4336 238 4401 prorsus
266 4314 341 4377 inde
364 4325 466 4376 sortes
490 4311 613 4388 fecisse,
638 4332 699 4375 nec
721 4310 762 4374 de
790 4311 854 4374 alio
878 4311 950 4374 loco
973 4313 1085 4378 melius
1113 4339 1257 4402 sperasse

103 4401 295 4467 debueras?
343 4399 406 4463 Hic
429 4399 586 4486 siquidem
607 4397 756 4486 gloriosae
780 4397 845 4461 Dei
867 4398 1029 4480 genitricis
1053 4403 1153 4468 altare
1169 4407 1257 4492 quod

102 4489 183 4556 alibi
206 4508 353 4574 quaerere
375 4486 586 4570 disposueras,
610 4497 645 4549 et
667 4483 809 4568 corporis
832 4484 896 4550 mei
918 4488 1123 4569 praesentiam
1145 4491 1256 4556 habes.
