3094 5292
472 454 582 503 naors
610 453 828 502 carnonam.
1180 438 1225 506 all

98 620 239 709 privavit.
287 618 454 704 Parvoque
474 615 652 694 intervallo,
670 616 816 700 gravibus
840 613 979 680 febribus
995 617 1079 682 unde
1100 632 1232 684 venerat

101 711 250 776 Sanctum
277 706 438 772 Albanum
461 705 567 782 rediit,
592 703 681 791 quasi
710 704 853 768 locorum
870 781 872 784 Ι
891 705 1069 770 mutatione
1095 705 1231 771 febrium

94 809 205 882 posset
229 794 411 859 accessione
438 793 590 878 effugere.
644 793 761 878 -Ibique
780 812 838 876 per
857 791 937 855 duos
952 815 1075 858 menses
1091 807 1123 860 et
1138 796 1232 861 semis

102 884 208 949 durius
233 883 394 959 detentus,
419 881 460 944 ad
485 894 632 945 extrema
653 878 835 965 pervenisse
858 879 1048 956 videbatur3
1071 905 1144 946 curn
1159 906 1233 948 ecce

105 973 238 1038 Sanctus
254 970 327 1033 Rex
342 986 376 1034 et
391 967 519 1055 Martyr
532 967 677 1034 Oswinus
694 967 725 1030 in
737 967 804 1031 viso
819 966 920 1032 astitit
930 968 1054 1033 mulieri
1062 970 1232 1056 religiosae,

101 1060 133 1123 in
155 1057 267 1144 aegroti
289 1057 463 1122 ministelio
486 1069 596 1120 noctes
620 1056 750 1120 ducenti
773 1054 942 1134 insomnes,
960 1079 1104 1142 quaerens
1127 1061 1168 1123 ab
1183 1062 1232 1136 eft,

103 1158 124 1190 ‘⁶
137 1147 287 1224 Putasne,
313 1145 438 1223 mulier,
463 1143 711 1208 dissolutionem·
727 1143 867 1228 corporis
890 1143 964 1208 huic
987 1159 1110 1228 aegroto
1133 1147 1235 1210 immi-

101 1257 174 1300 nere
189 1236 225 1300 ?'’
293 1243 314 1275 “
342 1233 477 1320 Utique,
509 1231 649 1308 domine,
681 1229 841 1309 domine,’'
870 1233 1045 1316 respondit,
1079 1235 1236 1300 “Omnia

103 1323 220 1411 quippe
247 1322 357 1386 mortis
384 1321 473 1406 signa
498 1333 692 1384 concurrunt
721 1317 754 1384 iu
779 1320 848 1382 eo.''
896 1320 948 1383 Ad
967 1343 1064 1406 quarn
1090 1324 1236 1387 Sanctus.

104 1422 127 1454 ‘⁴
141 1411 183 1476 Et
198 1409 355 1498 quaresic
378 1407 654 1474 irremediabiliter
676 1419 863 1493 torqueatur
877 1407 960 1472 ndsti
972 1409 1007 1474 ?'’
1052 1410 1236 1475 “Minime”

104 1499 148 1564 ait
172 1496 363 1562 “domina’'
411 1507 433 1538 ‘⁴
453 1495 539 1570 Quia
561 1495 648 1580 apud
663 1495 925 1581 Tynemudtbam
948 1497 1139 1577 columbam,
1164 1523 1237 1587 quae

104 1588 145 1664 ad
160 1586 279 1651 tumbae
295 1607 376 1650 meae
390 1583 548 1669 refugium
560 1582 758 1668 confugerat,
772 1582 929 1648 violenter
943 1583 988 1650 ibi
1003 1585 1130 1665 occidit,
1142 1601 1175 1652 et
1190 1610 1239 1652 as-

103 1675 252 1761 portavit.
300 1674 372 1762 Ego
396 1671 481 1736 enim
507 1695 577 1736 sum
606 1672 740 1735 Sanctus
771 1669 927 1749 Oswinus,
951 1672 1006 1759 qui
1028 1675 1113 1758 apud
1130 1675 1240 1763 Tyne-

104 1762 269 1827 mudtham
280 1759 478 1847 requiescere
494 1760 652 1823 dinoscor.
700 1758 766 1823 Sed
779 1757 805 1821 si
817 1759 1037 1826 convalescere
1053 1763 1240 1835 volueritde

104 1851 193 1916 febre
208 1850 272 1936 qud
285 1849 420 1926 laborat,
436 1845 599 1932 resipiscat
614 1847 655 1911 de
670 1847 863 1932 praesumpta
880 1848 1059 1914 temeritate
1073 1873 1081 1926 ;
1105 1864 1138 1915 et
1153 1851 1241 1917 veni-

106 1961 161 2004 ens
188 1937 230 2002 ad
250 1937 392 2002 tumbam
417 1958 531 2013 meam,
559 1937 648 2022 cujus
678 1933 809 1998 violavit
837 1957 959 2020 pacem,
990 1936 1241 2022 indignationem

105 2049 209 2091 meam
224 2039 330 2090 arceat
345 2024 407 2088 ase
424 2022 581 2108 condignis
595 2021 837 2088 satisfactione.'’
884 2023 965 2088 Haec
981 2025 1088 2090 dicens
1108 2028 1242 2092 Sanctus

107 2114 273 2200 disparuit,
290 2126 323 2178 et
341 2111 454 2176 mulier
477 2110 702 2196 expergefacta
723 2110 888 2194 languenti
904 2112 1017 2196 juveni
1033 2113 1183 2180 visionem
1199 2139 1242 2180 ex

107 2201 219 2268 ordine
242 2200 364 2266 retulit.
423 2198 489 2273 Qui
515 2199 622 2263 statim
645 2199 686 2262 de
709 2197 877 2263 commisso
898 2199 1065 2284 poenitenS,
1090 2203 1131 2266 de
1153 2204 1244 2268 satis-

108 2291 247 2356 factione
281 2289 399 2354 Sancto
425 2285 564 2373 Martyri
589 2284 733 2350 facienda
761 2285 922 2350 humiliter
951 2289 1177 2374 compromisit,
1209 2309 1243 2356 et

108 2378 203 2446 febris
230 2399 305 2443 eum
333 2375 487 2441 continuo
512 2373 650 2461 reliquit.
724 2374 826 2438 Sanus
856 2374 999 2454 effectuS,
1030 2378 1244 2462 promissionis

109 2469 276 2532 immemor
291 2465 342 2530 vel
357 2462 580 2540 dissimulator,
598 2461 780 2528 executioni
803 2463 953 2528 mandare
976 2465 1119 2549 neglexit
1134 2481 1246 2532 votum

110 2555 197 2642 quod
212 2553 311 2618 vovit.
374 2551 439 2626 Qui
454 2551 569 2615 iterum
585 2551 697 2615 morbo
716 2570 893 2635 correptus,
910 2551 942 2615 in
958 2552 1144 2641 languorem
1160 2557 1246 2620 deci-

110 2643 181 2718 dit;
212 2655 245 2706 et
266 2653 429 2728 postremo
452 2661 568 2703 cancer
592 2661 720 2724 serpens
745 2638 908 2724 superiora
933 2641 1001 2725 ejus
1017 2645 1195 2728 occupavit,
1212 2659 1246 2709 et

110 2730 240 2795 oculum
260 2730 349 2814 cujus
373 2728 442 2792 visu
469 2727 554 2812 apud
583 2725 843 2812 Tynemuntham
862 2727 1003 2811 privatus
1023 2744 1083 2808 est,
1104 2731 1123 2794 a
1141 2732 1247 2816 capite

111 2819 180 2904 ejus
194 2817 319 2883 evulsit.
376 2813 421 2882 Et
439 2815 484 2878 sic
499 2814 651 2899 paulatim
667 2814 830 2892 deficiens,
851 2815 893 2878 ad
915 2831 1062 2881 extrema
1075 2819 1248 2902 perductus

109 2919 173 2983 est3
189 2917 223 2970 et
238 2905 292 2993 qui
304 2904 406 2968 noluit
421 2925 494 2967 cum
505 2915 622 2987 posset,
635 2901 731 2986 coepit
747 2902 828 2966 velle
843 2924 916 2966 curn
931 2926 995 2968 non
1007 2919 1113 2989 posset
1130 2909 1250 2972 Sancto

115 2993 247 3060 Oswino
267 2992 457 3058 satisfacere.
505 2989 611 3074 Hujus
636 2989 780 3054 miraculi
805 2989 932 3055 auditor
956 2993 1111 3072 attendat,
1129 2997 1250 3082 quanta
1313 3017 1324 3044 ·

111 3080 385 3146 animadversione
397 3080 531 3145 Sanctus
549 3076 693 3142 Oswinus
706 3078 893 3144 exardescat
905 3079 939 3143 in
953 3103 1019 3158 eos,
1036 3081 1090 3168 qui
1105 3082 1249 3148 homines

111 3170 156 3235 ad
170 3192 258 3235 suam
274 3191 385 3254 pacem
411 3165 632 3250 confugientes
652 3167 836 3244 exturbant,
853 3169 908 3253 qui
928 3168 1024 3232 etiam
1040 3171 1202 3236 volucrem
1218 3174 1250 3236 in

111 3281 173 3323 suo
185 3256 334 3344 praesidio
350 3255 391 3320 de
406 3253 512 3319 medio
527 3254 694 3332 sublatam,
712 3256 800 3318 tanta
809 3253 982 3322 vindicavit
998 3257 1207 3324 districtione.

115 3519 216 3586 CAP.
240 3519 310 3583 XX
312 3518 608 3596 VIII.-Quomodo
630 3519 747 3594 medior,
771 3519 809 3582 de
828 3485 960 3584 condato
974 3541 1032 3602 per
1044 3543 1112 3586 eum
1133 3524 1253 3604 recepto

132 3665 137 3676 ,
204 3611 329 3689 inorata
352 3615 382 3669 et
403 3607 570 3682 incredulo,
596 3609 704 3668 iterum
729 3615 775 3668 eet
797 3607 956 3689 infirmato
966 3631 981 3686 ,·
1005 3612 1057 3674 sed
1080 3613 1204 3676 credam
1226 3621 1256 3675 et

203 3696 363 3778 confidens,
380 3713 449 3756 moc
462 3696 623 3758 sanitatem
637 3696 759 3775 recepit.

168 3869 206 3934 In
224 3868 353 3934 civitate
367 3867 531 3946 Dunelmi,
545 3867 693 3955 quaedam
713 3867 809 3934 vidua
826 3868 947 3936 sontica
961 3872 1109 3938 laborans
1124 3875 1256 3964 aegritu·
1322 3919 1324 3926 ·

117 3957 197 4023 dine
223 3958 256 4020 in
278 3956 398 4020 lectulo
424 3979 482 4020 suo
508 3957 680 4035 decubans,
708 3969 741 4020 et
766 3957 833 4022 fere
859 3959 1038 4044 desperate,
1062 3963 1191 4026 tandem
1213 3964 1255 4027 ad

122 4047 278 4111 Sanctum
304 4043 428 4129 Regem
450 4058 484 4108 et
508 4043 686 4132 Martyrem
713 4044 877 4110 Oswinum
899 4069 1051 4113 conversa
1073 4062 1133 4127 est,
1158 4051 1256 4116 etde

117 4135 190 4220 ejus
205 4132 407 4198 miseratione
422 4131 558 4196 multum
572 4132 702 4196 confisa.
742 4132 888 4198 Tandem
900 4148 1011 4199 votum
1023 4135 1109 4200 vovit
1125 4138 1255 4217 Sancto,

117 4235 154 4288 et
170 4220 298 4286 sanitati
313 4233 433 4305 optatae
446 4219 595 4284 restituta
609 4232 656 4284 est
671 4220 833 4286 continuo.
878 4223 1165 4311 Appropinquante
1181 4249 1258 4290 vero

124 4309 237 4375 Sancti
255 4307 354 4394 Regis
372 4307 531 4394 passione,
547 4305 660 4372 mulier
675 4307 716 4371 ad
735 4308 923 4373 solvendum
938 4323 1047 4376 votum
1063 4337 1097 4377 se
1112 4313 1260 4400 accinge·

119 4399 203 4473 bat3
226 4415 259 4462 et
278 4395 386 4462 Sancti
400 4395 586 4461 memoriam
601 4394 689 4459 adire
704 4393 907 4480 disponebat.
949 4399 992 4463 Et
1006 4423 1081 4464 ecce
1096 4400 1202 4489 aliqua
1217 4403 1258 4466 de

118 4484 232 4552 vicinis
252 4482 315 4550 suis
334 4506 487 4568 organum
507 4484 655 4548 Sathanae
674 4483 831 4571 suggessit
846 4483 886 4566 ei,
903 4509 968 4552 non
982 4487 1102 4554 meritis
1117 4501 1260 4555 curatam
