3094 5292
308 515 355 586 14
701 537 705 542 ·
751 532 844 588 vrrs,
873 533 1010 581 oswmr

303 691 441 780 praes‘ule
456 713 571 775 corpus
587 690 667 756 sacri
683 691 843 776 sauguinis
858 693 1016 756 effusione
1033 691 1107 756 Deo
1123 692 1276 770 dicatum,
1294 705 1327 758 et
1351 694 1450 759 lotum

302 780 407 867 primo
420 778 642 844 mundissimis
665 777 839 844 involvitur
861 779 1000 857 lintheis,
1025 779 1142 844 deinde
1158 779 1260 864 palliis
1275 781 1449 882 preciosis}

304 883 336 932 et
361 868 393 932 in
417 866 581 934 mausoleo
605 887 679 930 cum
703 887 821 950 magno
840 867 962 930 honore
985 866 1188 931 reconditum
1203 867 1236 929 in
1251 867 1451 932 eminentiori

303 953 448 1020 ecclesie
474 953 548 1019 loco
574 952 761 1016 collocatur.
823 953 1003 1017 Lavacrum
1028 954 1137 1037 igitur,
1154 976 1220 1054 quo
1242 954 1387 1018 ablutum
1403 969 1451 1020 est

302 1064 418 1126 corpus
441 1039 683 1116 sanctissimum,
707 1039 739 1103 in
762 1040 882 1126 angulo
896 1040 1029 1104 oratorii
1045 1041 1087 1104 ad
1103 1041 1286 1127 aquilonem
1301 1041 1451 1126 episcopo

303 1152 346 1192 ex
373 1126 529 1192 industria
551 1125 758 1210 praecipiente
775 1127 977 1194 ‚transfusum
992 1140 1053 1191 est.
1103 1127 1203 1201 Quod
1216 1127 1325 1195 multis
1340 1142 1452 1212 postea

302 1215 434 1301 profuit,
451 1235 514 1278 nou
528 1211 633 1277 saliam
648 1211 841 1291 hominibus,
858 1214 1026 1278 sedetiam
1042 1213 1240 1292 animalibus,
1258 1214 1353 1280 variis
1368 1237 1452 1280 mor·
1529 1267 1530 1278 ,

301 1303 418 1370 borum
430 1301 600 1385 generibus
615 1300 846 1365 laborantibus.
893 1300 1143 1388 Namquotiens
1153 1301 1277 1378 sontico
1288 1302 1339 1366 vel
1355 1301 1452 1368 iuter·

301 1390 412 1474 polato
436 1389 550 1454 morbo
572 1388 835 1470 gravabaturvel
861 1388 1025 1452 homiuum
1051 1388 1101 1452 vel
1121 1388 1306 1456 animalium
1327 1401 1450 1466 natura,

187 1513 189 1518 ·
285 1475 406 1560 ¹pulvis
430 1496 521 1540 sacro
537 1473 695 1540 'lavachro
722 1497 920 1559 conspersus,
946 1475 1074 1540 modico
1094 1497 1186 1562 aquae
1210 1474 1356 1562 injectus,
1382 1477 1451 1541 eti

302 1563 476 1647 languente
498 1561 582 1647 aqud
600 1560 761 1626 mediante
777 1561 920 1640 haustus,
937 1562 1119 1628 citissimam
1135 1562 1321 1628 conferebat
1336 1562 1453 1632 sanita·

302 1663 370 1714 tem
385 1663 418 1714 et
434 1649 584 1718 collatam
598 1647 792 1732 protractibs
811 1651 1031 1726 conservabat.
1080 1649 1180 1714 Facta
1194 1662 1243 1714 est
1259 1663 1367 1716 autem
1382 1650 1451 1716 haec

183 1765 191 1772 ·
302 1736 446 1802 inventio
462 1735 570 1800 Sancti
591 1735 689 1821 Regis
712 1751 746 1800 et
763 1735 917 1822 Martyris
937 1735 1069 1813 Oswini,
1087 1758 1172 1800 anno
1188 1737 1205 1801 a
1222 1737 1369 1820 passione
1384 1738 1453 1822 ejus

325 1822 617 1907 uadringeutesimo
641 1835 756 1909 quarto
782 1823 919 1899 decimo,
939 1822 1088 1888 videlicet
1117 1846 1203 1887 anno
1227 1823 1452 1892 incarnationis

302 1847 487 1975 ilominicae
508 1909 677 1975 millesimo
703 1910 905 1992 sexagesimo
932 1910 1056 1996 quinto,
1089 1910 1203 1997 quinto
1226 1909 1298 1974 idus
1326 1911 1451 1976 Martii.

306 1998 350 2062 Et
372 1997 448 2084 quia
469 1996 641 2082 predictus
660 1999 778 2062 Comes
797 1996 950 2060 Thestius
969 1997 1123 2062 interesse
1141 2010 1261 2062 sanctae
1276 1998 1453 2064 inventioni

302 2085 335 2150 in
351 2085 473 2150 ditione
489 2085 546 2151 sua
568 2083 663 2148 sactae
687 2084 799 2160 noluit,
817 2084 933 2148 eodem
956 2107 1040 2148 anno
1055 2084 1155 2168 culpis
1171 2085 1234 2150 suis
1250 2085 1454 2168 exigentibus

302 2174 345 2237 ab
363 2172 541 2256 Anglorum
560 2192 661 2255 regno
688 2171 851 2256 expulsus,
873 2172 961 2256 apud
984 2171 1204 2236 Baldewinum
1223 2172 1250 2236 F
1251 2172 1454 2239 landrensetn

305 2261 479 2336 Comitem,
497 2259 587 2343 cujus
602 2258 701 2323 liliam
728 2257 789 2322 sibi
815 2257 1020 2324 matrimonio
1053 2259 1272 2343 copulaverat,
1299 2259 1453 2326 exulavit.
1529 2273 1530 2278 ’

306 2347 350 2411 Et
366 2347 514 2433 sequenti
533 2367 617 2410 anno
633 2345 768 2410 Haraldi
784 2345 868 2428 regis
884 2345 1011 2429 Angliae
1025 2358 1058 2409 et
1072 2346 1180 2417 fratris
1195 2346 1243 2412 sui
1258 2345 1368 2433 gladio
1379 2368 1452 2413 cum
1529 2391 1530 2398 κ

304 2433 569 2518 Norreganorum
581 2453 658 2515 rege
673 2432 829 2510 Haraldo,
847 2432 879 2495 in
895 2433 967 2497 loco
983 2432 1038 2518 qui
1054 2445 1130 2498 tunc
1153 2433 1450 2521 Stanfordebrigge,

302 2543 387 2586 nunc
403 2542 479 2586 vero
498 2520 583 2584 Pons
603 2518 687 2583 Belli
701 2518 830 2596 dicitur,
848 2519 889 2584 de
912 2518 1021 2584 medio
1036 2521 1180 2584 sublatus
1203 2533 1263 2584 est.
1323 2519 1384 2590 His
1407 2523 1452 2586 ita

303 2610 413 2693 gestis,
442 2608 609 2692 episcopus
637 2605 835 2690 AEgelwinus
858 2606 1039 2671 eomitissa
1054 2607 1169 2672 Judith
1189 2629 1252 2672 uon
1271 2606 1451 2684 immemor,

302 2695 433 2780 capillos
449 2693 551 2760 sancti
566 2693 695 2757 verticis
711 2694 799 2779 apud
813 2705 1015 2780 sequestrum
1030 2693 1114 2758 inter
1136 2691 1310 2760 lavandum
1333 2694 1452 2778 posuit,

302 2805 383 2868 quos
406 2781 546 2867 putredo
567 2801 632 2844 non
654 2793 906 2866 consumpserat,
924 2793 1065 2846 vetustas
1081 2804 1145 2846 non
1161 2796 1360 2867 corruperat,
1383 2803 1457 2846 ver-

302 2870 362 2934 mis
384 2870 460 2937 deni
483 2892 523 2933 ue
546 2866 579 2932 in
601 2867 690 2932 nullo
711 2868 850 2946 laeserat,
875 2883 909 2934 et
932 2882 1064 2953 peracto
1079 2869 1307 2936 convenienter
1323 2869 1457 2940 mansla-
1528 2929 1529 2946 ,

303 2957 400 3023 tionis
430 2892 545 3032 odoia,
578 2977 686 3020 secum
715 2955 758 3019 ad
791 2955 996 3020 Comitissam
1022 2977 1096 3022 cum
1121 2957 1244 3022 summa
1273 2954 1454 3026 reverentia
1527 2953 1529 2992 l

303 3044 432 3110 detulit.
505 3042 609 3106 Porro
642 3042 752 3106 Sancti
782 3065 897 3128 corpus
930 3056 1038 3108 utrum
1070 3058 1234 3128 repertum
1271 3043 1312 3110 sit
1349 3055 1457 3110 toturn

303 3130 516 3216 corruptionis
546 3128 697 3206 alienum,
723 3153 765 3194 an
791 3153 885 3195 carne
911 3130 1090 3216 putredinis
1117 3130 1228 3198 debito
1253 3131 1454 3214 consumpta,

303 3219 422 3284 ossium
445 3230 478 3282 et
500 3216 880 3305 capillorumintegritas
904 3219 945 3282 sit
967 3218 1153 3302 dignatione
1175 3239 1324 3302 supernae
1339 3217 1456 3304 gratiae
1528 3213 1529 3296 ξ

303 3318 476 3379 reservata,
501 3326 566 3368 uon
595 3304 723 3388 legitur,
745 3318 786 3368 et
809 3305 882 3370 ideo
903 3307 1031 3371 definiri
1055 3320 1166 3372 nostro
1186 3305 1261 3372 stilo
1285 3327 1349 3371 uon
1373 3327 1458 3389 prae·
1528 3347 1529 3358 κ

304 3393 451 3461 sumitur.
514 3390 630 3476 Capilli
661 3405 769 3457 tamen
799 3393 867 3457 siue
898 3393 999 3459 dubio
1032 3391 1219 3478 incorrupti,
1250 3415 1387 3478 corpore
1422 3391 1458 3454 in

304 3483 471 3567 pulverem
482 3479 626 3556 redacto,
640 3479 774 3544 inveniri
786 3493 973 3565 potuerunt.
1011 3480 1159 3546 Vidimus
1171 3480 1290 3567 quippe
1303 3479 1379 3549 boni
1392 3492 1458 3548 tes·

294 3566 429 3635 timonii
446 3566 540 3644 viros,
555 3565 610 3653 qui
628 3566 742 3632 vidisse
757 3591 791 3632 se
806 3568 1038 3653 perhibuerunt
1053 3569 1240 3658 corporibus
1254 3585 1459 3632 mortuorum

306 3653 513 3739 consumptis,
530 3653 661 3739 capillos
677 3677 790 3720 eorum
805 3655 1017 3740 incorruptos,
1029 3655 1073 3719 de
1083 3677 1224 3742 quorum
1241 3667 1350 3724 tamen
1365 3676 1460 3726 sanc-

305 3743 398 3810 titate
422 3741 501 3806 nihil
523 3742 702 3806 audierunt.
752 3743 933 3828 Eapropter
955 3742 1058 3808 multb
1080 3741 1265 3806 credibilius
1284 3755 1345 3818 est,
1371 3741 1459 3806 idem

305 3829 478 3917 contigisse
493 3828 526 3892 in
553 3831 671 3896 Sancto
687 3830 728 3895 de
743 3832 834 3915 cujus
857 3830 959 3914 gloria
974 3827 1146 3892 certissime
1162 3841 1300 3906 constat,
1316 3829 1391 3893 licet
1415 3829 1459 3895 de

303 3917 446 4002 corporis
471 3919 538 4004 ejus
568 3917 812 4002 incorruptione
837 3939 902 3980 non
932 3915 1122 3980 omnimodis
1152 3927 1290 3980 constet.
1350 3915 1460 4003 Igitur

305 4017 487 4090 praepotens
499 4017 532 4068 et
545 4004 665 4071 devota
678 4003 809 4080 femina,
822 4003 895 4066 visis
915 4003 1024 4068 Sancti
1042 4002 1142 4087 Regis
1154 4003 1275 4090 capillis
1290 4003 1461 4088 incorrup-

306 4093 357 4170 tis,
375 4092 530 4158 admirata
545 4105 594 4157 est
609 4089 843 4167 vehementius,
861 4090 918 4154 sed
937 4089 1085 4154 devotiits
1100 4090 1221 4175 gavisa.
1270 4091 1459 4177 Vidensque

305 4180 433 4246 turbam
458 4203 522 4247 nou
545 4179 715 4254 modicam,
740 4199 814 4263 quae
840 4177 999 4261 pontilicis
1025 4177 1087 4245 iter
1111 4179 1264 4247 comitata
1289 4177 1406 4256 fuerat,
1424 4190 1461 4242 et

305 4282 487 4341 sanctorum
500 4267 688 4352 capillorum
704 4263 947 4330 indemnitatem
958 4265 1120 4344 audierat,
1135 4265 1235 4334 voluit
1247 4288 1303 4330 eos
1318 4266 1461 4330 solidare

304 4356 337 4420 in
349 4357 413 4422 lide
424 4370 456 4422 et
473 4354 582 4420 Sancti
598 4351 718 4418 Oswini
734 4351 918 4418 devotione.
965 4353 1159 4439 Praecipieus
1172 4353 1280 4439 itaque
1291 4355 1463 4438 copiosum

304 4445 412 4532 ignem
428 4440 560 4508 accendi
583 4438 616 4502 in
630 4439 738 4506 medio
748 4440 837 4506 aulae
851 4443 961 4526 regiae,
979 4441 1109 4527 capillos
1124 4441 1218 4507 lateri
1240 4439 1464 4527 superpositos

305 4531 413 4600 voraci
435 4531 574 4597 flammae
597 4526 726 4612 injecit3
749 4529 807 4596 sed
822 4529 1082 4602 flammasanctis
1097 4528 1218 4614 capillis
1235 4529 1280 4594 nil
1301 4527 1464 4602 molestie
