3132 5286
747 457 841 516 VITA
867 454 1006 510 sauc'n

380 998 495 1090 [CAP.
513 996 584 1063 XX
586 993 820 1073 V1r1-Quod
832 993 1001 1058 floreberto
1013 961 1382 1074 impetraverrtursecuni

679 1085 829 1166 toleraret
841 1085 886 1147 ad
898 1083 1079 1148 Dominum.

439 1392 517 1467 Quo
527 1409 610 1470 rogo
624 1398 740 1451 conatu
753 1386 890 1449 referam
907 1388 1028 1472 majora
1044 1383 1177 1448 relatu?

443 1477 549 1552 Quam
565 1496 655 1540 sacer
670 1472 789 1558 insigni
804 1472 920 1538 sanctia
936 1495 1027 1537 amor
1041 1483 1158 1536 aestuet
1173 1469 1249 1554 igni,

439 1567 557 1652 Deque
572 1562 700 1627 duobus
711 1561 797 1626 idem
815 1584 872 1626 cor
887 1561 1010 1626 adunet
1024 1559 1155 1645 spiritus
1170 1556 1281 1622 idem?

441 1655 579 1720 Pectore
595 1662 760 1714 consertus
776 1651 835 1715 tibi
852 1652 1036 1735 sejungens
1054 1646 1269 1722 Herebertus,

439 1742 490 1806 Te
505 1741 650 1826 sequitur
664 1739 729 1815 vita
744 1737 953 1822 resplendens
969 1736 1173 1802 anachorita:

440 1830 526 1895 Nam
541 1841 573 1892 te
590 1828 750 1891 viventem
766 1826 974 1914 sequiturque
986 1825 1127 1911 colitque
1138 1823 1308 1887 docentem
1326 1847 1336 1898 3

442 1918 495 1982 Sic
511 1927 568 1980 tua
582 1916 670 1979 dicta
685 1914 773 1992 colit,
790 1929 827 1978 ut
842 1914 883 1978 ab
899 1913 950 1978 his
967 1912 1131 1978 discedere
1146 1909 1237 1975 nolit.

444 2005 523 2069 Estu
539 2025 613 2067 cum
626 2024 744 2084 magno
761 2000 858 2066 semel
875 2000 916 2065 ad
932 2014 964 2066 te
979 1999 1114 2065 venitin
1130 2021 1227 2076 anno,

446 2093 563 2180 Sicque
580 2106 638 2155 tuo
653 2091 721 2155 fatu
738 2090 862 2168 crescit,
887 2111 947 2155 ceu
963 2088 1049 2154 taeda
1064 2101 1192 2164 roratu3

442 2184 522 2268 Spes
538 2191 776 2267 augmentatur,
801 2199 877 2244 caro
892 2179 1001 2257 servit,
1025 2199 1117 2241 mens
1133 2174 1335 2257 dominatur3

408 2322 413 2330 .
442 2270 587 2335 Omnino
603 2268 737 2353 spernit,
761 2266 849 2354 quod
866 2264 989 2330 mundo
1004 2265 1101 2330 labile
1117 2263 1219 2330 cernit
1229 2287 1239 2340 ;

442 2356 566 2422 Tendit
580 2356 621 2421 ad
633 2374 764 2433 aeterna,
788 2366 968 2442 praegustat
991 2352 1130 2419 amando
1145 2375 1296 2440 superna,

440 2447 530 2511 Dum
547 2445 730 2508 conferretis
754 2458 887 2507 aeternae
901 2443 1001 2507 verba
1016 2440 1142 2530 quietis.

441 2531 600 2608 Tandem,
627 2530 817 2609 Cuthberte,
841 2532 929 2594 socio
944 2531 1031 2595 canis
1048 2529 1129 2608 haec,
1148 2539 1172 2571 “
1187 2529 1386 2611 Hereberte,

444 2621 524 2685 Hoc
546 2619 644 2683 modo
668 2631 843 2696 momento,
868 2617 1025 2702 quodvis
1048 2618 1196 2683 conferre
1219 2632 1397 2700 memento,

444 2709 488 2774 Et
504 2706 722 2794 percuncteris
744 2729 765 2770 a
779 2728 830 2770 me
846 2706 934 2794 quod
949 2727 1082 2771 noscere
1106 2707 1240 2794 quaeris,

445 2797 535 2862 Hinc
558 2795 736 2884 digressuri
752 2817 872 2872 sumus,
895 2794 981 2860 ultra
1003 2818 1070 2860 non
1086 2795 1240 2872 1·edituri;

440 2886 514 2950 Jam
530 2884 743 2963 discedemus,
760 2884 815 2948 sed
827 2895 902 2968 post
916 2905 985 2947 non
1008 2906 1067 2948 nos
1081 2899 1285 2970 repetemus3

443 2974 518 3039 Non
535 2974 597 3038 erit
612 2973 747 3038 ulterius
763 2984 910 3056 aspectus
933 2973 1076 3057 corporis
1092 2972 1199 3059 liujus,

442 3060 558 3125 Judice
582 3083 655 3125 nam
681 3059 824 3138 Christo,
848 3059 913 3123 cito
929 3083 1066 3145 corpore
1083 3060 1191 3126 solvar
1206 3061 1248 3126 ab
1264 3063 1326 3126 isto
1341 3088 1352 3139 ς

446 3149 584 3214 Carnem
601 3149 776 3234 deponam,
790 3148 929 3234 vitaeque
944 3148 1058 3214 subibo
1075 3150 1260 3218 eoronam.’'

444 3235 575 3302 Auditis
587 3237 664 3316 istis,
681 3236 844 3301 Herebert
857 3235 895 3301 fit
910 3251 1040 3321 pectora
1056 3239 1176 3315 tristis;

448 3328 573 3392 Stratus
596 3324 686 3391 humi
698 3323 815 3411 plorat,
841 3325 924 3390 votis
939 3340 973 3390 et
989 3327 1123 3391 vocibus
1139 3341 1227 3403 orat3

443 3425 467 3457 “
483 3414 615 3494 Quaeso,
633 3414 678 3480 tui
695 3414 772 3489 cari,
797 3415 990 3492 venerande,
1009 3415 1085 3479 velis
1102 3418 1296 3480 memorari:

442 3503 508 3568 Fac
524 3505 643 3590 pietate
660 3503 723 3566 Dei
739 3501 798 3564 sim
815 3524 947 3587 compos
963 3503 1032 3587 ipse
1048 3504 1210 3590 trophoei3

448 3592 613 3656 Scandens
629 3590 694 3655 alta
710 3589 777 3675 poli
793 3611 844 3654 me
860 3592 951 3655 terris
967 3591 1113 3678 linquere
1128 3591 1215 3668 noli3

446 3680 571 3744 Tecum
588 3679 630 3743 de
645 3678 768 3742 mundo
785 3679 994 3766 commigrem
1011 3681 1075 3744 fine
1092 3681 1246 3757 secundo,

446 3767 491 3834 Et
505 3769 563 3831 tibi
579 3767 757 3853 conjungar
772 3789 846 3830 cum
862 3769 936 3830 vitae
948 3791 1085 3833 munere
1095 3768 1242 3854 fungar?

446 3855 568 3920 Praesul
586 3855 731 3932 sullirnis,
747 3866 913 3941 permotus
928 3856 1034 3919 cordis
1050 3858 1090 3922 ab
1106 3857 1188 3935 imis,

446 3943 535 4008 Huic
552 3943 605 4008 tali
624 3954 702 4007 voto
718 3944 882 4007 concurris
898 3956 1028 4028 pectore
1045 3958 1124 4011 tota.

445 4031 571 4097 Exoraa
590 4031 766 4109 Christum,
783 4054 849 4117 quo
862 4045 970 4096 tecum
986 4032 1079 4097 tollat
1095 4047 1128 4099 ct
1143 4035 1251 4111 istum,

448 4120 675 4208 Obsequioque
692 4121 761 4206 pari
778 4119 891 4204 jubeat
913 4143 1009 4206 super
1025 4137 1110 4186 astra
1124 4123 1234 4187 levari.

439 4207 510 4273 Nec
526 4232 626 4286 mora,
643 4207 770 4273 sensisti
786 4207 844 4272 tibi
860 4209 977 4272 cedere
990 4231 1126 4274 munera
1142 4208 1282 4283 Clo-ism

446 4296 581 4362 Sensisti
597 4296 671 4361 dico
687 4294 860 4382 spiramine
876 4295 991 4362 doctus
1015 4297 1139 4363 amico:

446 4394 469 4425 “
487 4382 632 4463 Frater,”
649 4385 705 4462 nis,
726 4394 748 4427 ‘⁸
761 4403 868 4473 surge,
887 4405 946 4452 nec
961 4385 1062 4452 corda
1077 4383 1244 4454 doloribus
1262 4404 1356 4470 urge,
