3132 5286
545 415 683 478 sancti
711 415 948 474 curuantu-
1002 483 1006 500 ,
1265 403 1315 490 79

164 575 306 656 favente,
333 575 483 642 virtutem
507 577 537 642 in
564 590 723 646 mortuam
739 577 896 643 aviculam
912 576 1071 642 viventem
1087 577 1309 661 recipiamus.”

168 663 295 738 Quibus
319 665 422 741 dictis,
445 685 523 730 mox
546 665 611 730 avis
639 681 767 730 mortua
789 663 899 729 vivens
914 688 947 728 se
963 667 1075 744 erexit,
1093 689 1129 729 ac
1146 687 1234 728 more
1250 665 1309 730 sibi

163 753 327 838 quondam
357 751 452 817 solito
473 752 589 836 jocari,
616 753 738 830 exilire,
767 776 804 817 ac
830 753 1116 818 mansuetissimam
1142 776 1175 818 se
1190 753 1311 818 cunctis

161 839 329 918 exhibere,
353 839 475 930 populo
491 854 656 925 spectante
671 864 708 906 ac
724 841 870 920 mirante,
887 839 997 928 coepit.

600 1200 719 1282 [cae.
738 1199 872 1284 xxia]

204 1427 299 1490 'l'unc
326 1427 432 1512 puella
460 1425 601 1510 Brigida,
628 1427 668 1488 ad
696 1447 831 1508 puerum
858 1445 1021 1501 conversa,
1038 1423 1094 1492 ait.
1142 1435 1162 1468 ‘⁶
1178 1427 1306 1513 Opuer

157 1514 375 1592 dilectissime,
407 1539 476 1590 nos,
504 1513 577 1576 Deo
602 1512 803 1598 providente,
834 1513 968 1597 expedit
992 1533 1075 1575 nunc
1102 1513 1306 1600 interpositas

158 1603 304 1666 nationes
333 1605 431 1667 adire.
492 1603 575 1665 Nam
604 1616 635 1664 te
666 1600 778 1686 Anglis
803 1600 833 1662 in
861 1603 984 1664 oriente
1011 1599 1106 1683 hujus
1134 1606 1305 1685 provinclae

156 1690 302 1753 oriundis
331 1691 491 1754 Dominus
519 1688 702 1763 destinavit,
731 1709 782 1750 me.
807 1704 915 1751 autem
942 1688 1194 1752 occidentalibus
1211 1705 1305 1756 terrae

159 1776 421 1862 Hybernensium
445 1777 560 1841 accolis
577 1776 778 1839 reservavit.'’
825 1775 1102 1862 Consolantesque
1117 1799 1151 1840 se
1167 1791 1200 1840 et
1215 1779 1305 1842 abin-

155 1868 261 1930 vicem
284 1865 457 1940 decessere,
483 1887 540 1928 nec
564 1887 633 1927 sese
657 1863 861 1948 postmodum
885 1862 918 1925 in
941 1885 1038 1927 carne
1058 1863 1200 1928 viventes
1217 1866 1304 1932 vide·

154 1969 243 2020 runt.
293 1953 503 2017 Postmodum
530 1974 605 2015 vcro
630 1974 692 2014 uua
715 1973 786 2013 cum
801 1965 903 2014 matre
919 1973 998 2034 puer
1013 1951 1053 2014 ad
1070 1951 1213 2032 insulam,
1230 1977 1303 2045 quae

157 2040 217 2123 Hy
245 2042 371 2118 dicitur,
398 2041 560 2126 profectus
584 2054 650 2114 est3
675 2039 729 2101 ubi
755 2038 937 2123 aliquandiu
958 2061 1031 2101 cum
1057 2041 1211 2126 religiosis
1229 2046 1302 2106 viris

153 2127 216 2192 loci
241 2129 323 2194 illius
348 2143 552 2194 conversatus
576 2139 634 2191 est.
682 2126 792 2192 Mater
809 2143 915 2192 autern
933 2128 1033 2208 pueri,
1051 2129 1127 2214 quia
1142 2129 1222 2192 duos
1238 2131 1300 2194 fra-

155 2230 221 2277 tres
242 2240 413 2303 germanos
434 2217 606 2279 Pontifices
632 2214 663 2280 in
691 2216 856 2301 provincia
875 2213 1059 2278 Scottorum
1078 2214 1198 2296 habuit,
1226 2217 1300 2284 Deo

152 2304 343 2387 inspirante,
370 2304 410 2366 ad
438 2302 621 2365 invisendos
645 2301 714 2363 illos
739 2303 783 2363 ire
799 2299 966 2383 disposuit.
1016 2296 1164 2386 Uterque
1181 2307 1300 2369 etenim

153 2390 187 2451 in
219 2392 327 2455 Scotia
358 2391 517 2474 Episcopii
543 2390 652 2452 sedern
679 2387 799 2454 habuit.
851 2388 995 2461 Quorum
1013 2410 1095 2450 unus
1115 2390 1297 2471 Meldanus,

152 2477 236 2541 alter
259 2502 335 2543 vero
361 2479 504 2542 Eatenus
529 2478 711 2540 vocabatur¹
764 2477 864 2539 Soror
886 2475 984 2562 igitur
1006 2499 1117 2538 eorum
1143 2501 1299 2545 unacum

151 2565 296 2649 ipsorum
321 2589 435 2649 nepote
452 2566 508 2628 illo
524 2579 737 2648 properanter
752 2562 840 2636 abiit,
858 2578 891 2626 et
907 2564 1014 2627 onmia
1029 2587 1102 2650 quae
1119 2567 1151 2628 in
1169 2567 1233 2631 vita
1249 2570 1300 2632 vel

151 2652 187 2716 in
206 2653 256 2717 via
281 2655 323 2718 eis
344 2655 554 2740 contigerant,
573 2667 721 2736 patenter
744 2651 901 2734 exposuit.
950 2651 1114 2715 Intimavit
1131 2671 1236 2718 autem
1253 2659 1298 2720 eis

150 2741 189 2803 se¹
212 2757 320 2804 votnm
350 2742 458 2804 recisse
477 2743 669 2802 Sanctorum
687 2738 917 2822 Apostolorum
930 2737 1017 2800 Petri
1033 2752 1065 2802 et
1087 2741 1175 2803 Pauli
1191 2743 1301 2807 limina

150 2828 288 2891 invisere
316 2827 516 2910 disposuisse,
535 2839 566 2888 et
595 2825 687 2910 hujus
713 2828 777 2887 voti
793 2825 949 2908 compede
965 2841 998 2886 et
1015 2825 1184 2906 desiderio,
1202 2833 1297 2894 etiam

150 2932 323 3002 antequam
349 2916 389 2976 de
407 2913 551 2976 Ybernia
567 2913 681 2988 exiret,
700 2935 733 2974 se
749 2933 855 2974 coram
884 2911 945 2973 Dei
959 2915 1130 2995 praesentia
1146 2917 1204 2978 snb
1222 2918 1299 2982 fidei

148 3005 272 3067 liedere
288 3003 443 3086 colligari.
493 3002 631 3086 Spiritus
656 2999 765 3064 Sancti
788 2999 927 3086 denique
943 3000 1059 3063 virtute
1076 3002 1208 3066 fratrum
1225 3028 1298 3092 pec-

148 3108 223 3154 tora
238 3091 385 3166 docente,
403 3111 536 3176 puerum
556 3090 596 3152 de
612 3089 720 3152 matris
735 3088 856 3150 sinibus
872 3087 1025 3151 eductum
1043 3091 1240 3176 percipiunt3
1264 3109 1297 3157 et

147 3201 211 3267 pro
236 3182 316 3242 votis
339 3182 402 3240 suis
418 3177 641 3260 adimplendis,
659 3197 802 3240 sororem
818 3197 891 3261 quae
907 3177 1094 3242 decreverat
1110 3178 1296 3267 diligentius

147 3269 336 3332 instructam
353 3264 441 3329 abire
457 3265 658 3348 permittunt.

569 3625 691 3706 [cnr.
716 3622 869 3706 xxiia]

193 3853 344 3938 Episcopi
365 3853 464 3936 igitur
486 3848 658 3914 Meldanns
686 3861 718 3912 et
738 3846 880 3912 Eatenus
895 3872 1031 3936 puerum
1058 3850 1092 3916 in
1113 3873 1171 3918 sua
1194 3859 1293 3924 susci-

143 3943 284 4028 pientes,
307 3941 435 4004 cnidam
452 3937 622 4002 Lodonico
641 3935 793 4023 religioso
807 3939 1013 4002 committunt
1028 3940 1116 4002 viro:
1141 3941 1196 4006 ubi
1212 3964 1293 4026 puer

146 4028 349 4094 Cutlrbertus
376 4032 458 4092 inter
482 4038 664 4090 coaetaneos
691 4045 764 4086 cum
787 4025 990 4108 simplicitate
1004 4025 1125 4110 deguit.
1174 4027 1291 4099 Nullus

143 4117 294 4202 equidem
310 4117 393 4181 inter
414 4114 582 4179 consocios
598 4111 716 4188 mitior,
735 4110 783 4174 vel
795 4111 970 4194 jocundior
984 4134 1051 4178 esse
1067 4115 1190 4199 potuit3
1213 4122 1290 4206 qaia

143 4206 228 4268 iuter
243 4226 309 4266 suae
325 4203 429 4268 aetatis
445 4222 611 4286 compares
627 4200 715 4264 omni
731 4197 953 4264 delectationis
968 4221 1086 4284 genere
1101 4226 1135 4270 se
1150 4203 1291 4276 libenter

141 4293 300 4358 exercuit.
348 4292 447 4358 Unde
459 4288 609 4356 omnibus
632 4287 667 4349 in
686 4286 809 4350 cunctis
830 4287 1035 4372 complacuit,
1050 4291 1127 4378 quia
1141 4299 1291 4366 omnibus

143 4403 178 4446 se
201 4380 311 4444 omnia
337 4403 396 4466 pro
422 4400 482 4444 suo
507 4397 601 4464 posse
625 4377 677 4442 vel
692 4377 810 4442 virtute
824 4375 983 4448 exhibuit.
1032 4378 1099 4454 Qui
1113 4381 1288 4471 aliquando
