3132 5286
432 555 435 563 Ι
501 466 849 560 nncrs‘namonnn
1060 497 1064 506 ·
1196 463 1247 546 57

95 638 332 704 vinculatorum
354 636 521 702 amissione
545 651 788 726 conquerentes,
809 642 932 704 viarum
955 641 1071 719 exitus,
1088 652 1124 707 ut
1140 658 1172 710 et
1186 646 1248 732 ipsi

93 728 242 806 vidimus,
267 727 473 804 obsederunt,
499 728 603 790 minus
619 751 714 814 quam
737 729 873 793 decebat
889 730 959 815 paci
980 731 1135 816 Martyris
1159 732 1247 800 defe-

96 830 216 895 rentes,
234 829 270 880 ut
286 830 319 880 et
335 838 390 879 eos
407 829 568 898 caperent,
582 815 608 879 si
631 817 714 880 l'orte
730 817 790 880 sibi
806 817 882 900 suga
904 819 1071 882 consulere
1087 819 1247 886 decrevis-

97 919 182 969 sent.
230 905 294 970 Sed
325 904 400 990 quia
427 926 491 966 non
516 917 565 967 est
586 905 752 968 consilium
780 920 892 968 contra
920 906 1107 984 Dominum,
1137 932 1248 975 omnes

98 1007 198 1058 noctu
227 994 375 1057 exierunt
398 1014 478 1054 unus
501 1005 575 1077 post
590 993 697 1070 alium,
716 1008 748 1057 et
770 1017 836 1056 non
853 1007 920 1058 erat
937 995 991 1080 qui
1014 1011 1224 1078 cognosceret
1235 1024 1246 1074 3

98 1097 131 1146 et
158 1081 305 1146 abierunt
320 1081 399 1144 alius
414 1079 448 1142 in
465 1079 572 1143 villam
596 1097 697 1158 suam,
715 1081 795 1145 alius
820 1082 860 1145 ad
876 1081 1130 1169 negotiationem
1146 1109 1248 1150 suam.

103 1171 180 1244 Quo
204 1183 372 1254 conperto,
397 1168 477 1252 regii
499 1169 649 1232 satellites
666 1183 700 1232 et
723 1169 856 1232 ministri
879 1169 1093 1256 percutientes
1117 1188 1250 1256 pectora

99 1283 159 1323 sua
174 1259 429 1323 revertebantur.
479 1256 555 1320 Hoc
571 1269 605 1320 et
627 1256 687 1341 ipsi
703 1260 875 1342 ascripsere
899 1257 1064 1336 miraculo,
1081 1273 1114 1323 et
1133 1261 1248 1325 dantes

99 1349 258 1415 honorem
272 1347 358 1422 Deo,
370 1344 560 1431 veniamque
582 1368 641 1429 pro
654 1345 741 1408 illata
750 1348 823 1430 paci
836 1345 988 1431 Martyris
1012 1347 1127 1430 injuria
1139 1362 1249 1432 postu-

99 1436 212 1512 lantes,
241 1457 350 1497 omnes
374 1433 415 1496 ad
436 1433 566 1517 propria
582 1447 773 1500 remearunt.
823 1435 907 1498 Sunt
935 1448 1042 1498 autem
1060 1437 1162 1499 multa
1177 1459 1250 1524 quae

99 1525 275 1609 plurimum
292 1519 382 1584 nobis
398 1536 570 1605 operantur
593 1522 634 1584 ad
651 1521 850 1598 miraculum,
869 1521 944 1608 quia
958 1523 1118 1606 probabili
1135 1526 1252 1588 verita·

101 1613 143 1676 tis
159 1623 350 1694 argumento
371 1608 527 1686 nituntur,
544 1622 581 1671 ut
596 1609 716 1673 scilicet
738 1622 839 1672 status
857 1609 1009 1694 temporis
1026 1624 1058 1674 et
1081 1611 1159 1676 situs
1176 1612 1249 1688 loci,

101 1700 273 1764 difficultas
283 1697 415 1773 itineriS,
430 1696 505 1760 ferri
517 1697 656 1780 pondus,
670 1697 756 1760 celer
766 1698 899 1761 effectus
910 1699 1044 1780 negotii,
1061 1721 1134 1784 quae
1144 1700 1253 1763 omnia

102 1788 128 1851 si
145 1787 256 1852 divino
282 1787 456 1850 caruissent
472 1784 602 1861 auxilio,
619 1807 670 1848 res
694 1785 875 1849 nullatenus
892 1786 989 1848 talem
1012 1789 1134 1850 exitum
1151 1811 1252 1852 mere·

102 1891 203 1941 retur.
250 1875 331 1939 Erat
353 1872 436 1937 enim
468 1886 595 1958 tempus
620 1873 764 1938 autumni
796 1873 968 1959 placidum,
994 1876 1138 1961 aerisque
1161 1889 1254 1961 grata

101 1965 284 2049 temperieS,
302 1976 336 2026 et
351 1962 436 2025 lunae
452 1960 605 2048 splendor
619 1962 745 2039 nimius,
764 1962 967 2047 agebantque
983 1963 1111 2048 plurimi
1129 1963 1253 2052 vigilias

102 2054 207 2117 noctis
224 2073 322 2136 super
337 2050 445 2133 {iuges
461 2072 552 2124 suas3
576 2053 710 2114 carceris
726 2051 815 2114 locus
829 2049 861 2112 in
877 2049 1047 2114 eminentia
1064 2051 1147 2114 villae
1163 2053 1253 2129 situs,

102 2164 162 2206 sex
184 2140 204 2203 a
221 2140 252 2203 T
251 2137 450 2225 ynemudtha
473 2137 595 2200 distans
607 2137 758 2214 millibus,
775 2140 862 2201 vicus
878 2159 943 2222 quo
960 2137 1137 2202 tendebant
1152 2139 1172 2201 a
1186 2161 1254 2203 car·

103 2253 178 2295 cere
193 2227 279 2292 saxis
307 2225 557 2312 prominentibus
581 2239 614 2289 et
629 2239 791 2309 petrarum
815 2224 955 2309 inequali
970 2225 1127 2290 densitate
1143 2226 1257 2290 confu-

104 2341 169 2394 suS,
187 2315 309 2380 debiles
323 2314 418 2378 etiam
435 2313 495 2398 ipsi
510 2313 690 2398 gradientes
706 2328 740 2377 et
754 2313 864 2378 ferreis
875 2313 981 2375 onusti
995 2313 1137 2388 vinculis,
1149 2313 1255 2378 exitus

105 2407 190 2472 villae
206 2405 225 2468 a
240 2418 333 2489 parte
354 2403 408 2465 illa
423 2402 653 2486 circumseptus
666 2402 806 2488 undique
819 2401 968 2464 domibus
982 2401 1172 2466 incolarum!
1212 2402 1257 2465 Et

105 2509 214 2559 tamen
231 2495 263 2554 in
280 2493 328 2554 his
345 2491 490 2554 omnibus
514 2513 573 2553 nec
590 2492 737 2554 visisunt
753 2489 911 2576 aliquibus
928 2511 988 2552 nec
1004 2490 1124 2566 auditi3
1148 2490 1256 2554 sedet

104 2582 193 2670 quod
210 2580 297 2645 dictu
308 2579 424 2643 mirum
437 2591 496 2655 est,
515 2600 571 2642 nec
588 2602 660 2642 cum
679 2578 759 2642 tanti
776 2592 882 2642 essent
904 2577 1015 2641 saltem
1032 2577 1193 2643 acanibus
1210 2579 1257 2642 in-

104 2669 216 2746 secuti,
232 2668 391 2754 ut'aperto
415 2669 546 2732 daretur
562 2667 707 2751 intelligi,
726 2667 812 2753 quod
829 2667 946 2728 ductor
958 2687 1068 2729 eorum
1082 2666 1254 2742 Dominus,

104 2761 147 2825 ad
162 2759 293 2822 laudem
308 2759 356 2820 sui
374 2754 528 2840 Martyris
545 2755 757 2818 absconderet
767 2777 822 2818 eos
838 2753 869 2814 in
886 2752 1075 2816 abscondito
1086 2753 1257 2817 facieisuae

104 2847 400 2920 siconturbatione,
432 2866 493 2907 nec
520 2843 624 2906 solum
648 2843 816 2906 hominum
846 2839 903 2903 sed
927 2843 1024 2904 etiam
1051 2840 1256 2915 animalium3

105 2939 252 3021 sciatque
267 2934 434 3022 generatio
456 2930 556 2995 altera
571 2930 646 3016 quia
660 2930 727 3014 ipse
751 2943 799 2995 est
815 2928 907 2992 Deus
923 2929 1008 2992 solus
1024 2929 1143 2993 faciens
1159 2928 1259 2992 mira-

105 3025 194 3101 bilia,
217 3023 272 3108 qui
298 3026 433 3088 Sanctos
459 3042 534 3083 suos
565 3019 752 3083 mirabiliter
776 3017 808 3080 in
826 3015 892 3080 vita
917 3016 1099 3098 glorificat3
1123 3029 1157 3082 et
1182 3026 1259 3105 post

106 3113 278 3180 transitum
295 3112 409 3188 carnis,
427 3107 472 3172 sic
488 3131 542 3172 eos
558 3107 666 3172 vivere
682 3105 840 3171 miraculis
856 3106 1037 3174 innotescit.

110 3379 212 3447 CAP.
238 3374 467 3440 XLIIL-Da
491 3374 615 3435 rnulicre
644 3370 801 3435 contracto
820 3390 880 3450 per
900 3372 1150 3452 quinquennium,
1176 3373 1261 3432 etin

240 3464 408 3548 praesentiri
421 3463 529 3525 Sancti
544 3458 703 3540 Martyris
709 3479 769 3538 per
784 3460 849 3539 ey'us
860 3463 971 3521 merua
986 3459 1127 3523 liberata.

159 3642 235 3708 Fuit
251 3641 284 3704 in
307 3638 381 3702 villo
396 3637 436 3700 de
453 3632 684 3721 Tynemudthlt
696 3631 807 3697 mulier
823 3633 984 3720 quaedam,
1011 3631 1103 3696 Aldit
1119 3633 1261 3713 nomine,

111 3756 171 3820 per
184 3729 372 3796 continuum
389 3725 486 3789 ferme
502 3720 753 3810 quinquennium
771 3721 844 3785 totis
858 3734 1025 3786 contracta
1040 3722 1144 3784 nervis
1158 3747 1166 3799 3
1191 3747 1280 3809 quae·

112 3825 201 3887 lecto
218 3817 426 3889 decumbenS,
438 3813 557 3898 pedum
569 3809 693 3896 penitus
703 3811 833 3873 carebat
849 3810 971 3873 officio:
989 3821 1022 3872 et
1037 3809 1068 3871 in
1080 3811 1264 3874 infirmitate

112 3908 231 3996 posita,
250 3905 314 3968 Dei
324 3902 491 3988 jugiteret
512 3898 620 3962 Sancti
646 3897 801 3983 Martyris
822 3898 944 3962 Oswini
967 3896 1150 3981 postulabat
1174 3898 1265 3961 auxi-

113 3999 206 4063 lium.
255 3994 341 4058 Haec
366 3989 418 4053 die
434 3989 571 4074 quadam
589 3987 630 4049 ob
655 4009 760 4049 rerum
776 3985 919 4071 inopiam
936 3998 969 4048 et
992 3983 1103 4060 victin,
1118 3987 1149 4046 in
1167 4010 1200 4049 se
1216 4009 1268 4049 re-

114 4108 210 4150 versa
232 4083 273 4145 de
292 4078 400 4145 Sancti
422 4096 616 4160 praesumens
641 4075 772 4150 meritis,
801 4090 833 4138 et
858 4075 1006 4138 morbum
1030 4072 1126 4134 animi
1151 4075 1268 4138 virtute

115 4173 303 4244 devincenS,
325 4166 385 4230 sibi
402 4166 462 4250 ipsi
479 4162 662 4226 violentiam
682 4161 808 4238 intulit;
832 4176 865 4225 et
882 4160 994 4224 annisu
1012 4183 1077 4245 quo
1094 4160 1198 4244 potuit
1221 4162 1269 4225 in-

115 4267 197 4326 nixa
209 4257 336 4332 baculo,
355 4276 467 4340 repere
477 4253 584 4336 potius
594 4271 690 4336 quam
702 4250 852 4314 incedere
866 4249 1046 4315 videbatur.
1096 4246 1213 4334 Sicque
1226 4251 1269 4314 ad

121 4347 234 4416 Sancti
252 4342 408 4428 Martyris
424 4338 609 4426 properavit
624 4336 802 4415 ecclesiam,
816 4337 924 4423 ibique
936 4335 978 4400 de
994 4336 1097 4400 morbi
1113 4336 1270 4403 levamine

117 4439 186 4504 Dei
202 4432 342 4523 gratiam
357 4443 391 4494 et
410 4451 507 4515 opem
525 4424 680 4514 Martyris
700 4425 838 4490 lacrimis
855 4439 888 4489 et
915 4422 1063 4509 precibus
1079 4424 1270 4509 inplorabat.

118 4525 223 4604 Quod
247 4516 530 4606 cumAErequentius
543 4527 673 4606 ageret,
684 4512 820 4602 contigit
842 4514 928 4580 utin
946 4511 1030 4578 sesto
1048 4511 1158 4579 Sancti
1182 4510 1272 4578 Petri

694 4617 718 4660 a
