3132 5286
648 476 840 531 Lmnnnus
865 477 918 530 DE
944 476 1049 530 ORTU

718 938 837 1028 [cna
862 937 976 1025 min]

320 1192 390 1257 Enl
406 1192 563 1278 inquiens,
579 1189 700 1274 regina,
712 1190 781 1276 jam
792 1189 856 1254 tuis
869 1189 969 1274 culpis
984 1189 1253 1274 promerentibus,
1271 1213 1334 1278 ego
1350 1211 1432 1254 con·

274 1282 364 1344 fusus
391 1302 549 1364 appare03
573 1279 627 1364 qui
651 1280 685 1342 in
705 1277 801 1342 domo
825 1277 991 1365 religionis
1011 1277 1180 1363 prostibuli
1204 1279 1316 1343 vitium
1340 1303 1432 1343 nunc

275 1370 396 1433 diutius
413 1368 541 1431 latuisse
557 1389 727 1449 cognosco.
775 1367 876 1429 Ortus
898 1389 1001 1449 nuper
1024 1365 1107 1428 eninr
1135 1367 1308 1430 multorum
1327 1367 1431 1430 oculis

274 1455 440 1540 expositus
456 1456 577 1519 indicat
592 1476 688 1540 quam
710 1451 888 1517 facinorose
919 1455 994 1518 vitae
1018 1469 1083 1517 tuae
1108 1456 1313 1519 conversacio
1341 1455 1430 1519 coin-

277 1543 408 1630 quinata
424 1542 550 1607 existat.
598 1543 682 1606 Nam
706 1544 819 1605 domus
836 1541 906 1606 haec
932 1542 1066 1605 Domini
1089 1557 1197 1606 sancta
1212 1543 1338 1627 polluta
1352 1567 1432 1629 pro-

276 1631 416 1707 fanatur,
442 1655 515 1718 quae
539 1631 618 1695 tanti
636 1631 764 1695 sceleris
780 1631 929 1719 contagio
945 1629 1133 1695 maculatur.
1182 1631 1342 1716 Sponsam
1358 1633 1433 1717 qui-

277 1721 351 1784 dem
377 1720 497 1784 Christi
522 1720 735 1783 adulteratam
760 1716 913 1784 castitatis
939 1719 1043 1782 cubile
1067 1719 1202 1783 foedasse
1220 1723 1290 1805 jam
1306 1720 1433 1784 cunctis

278 1809 429 1884 innotuit,
454 1809 530 1870 dum
547 1821 656 1890 partus
672 1809 756 1870 inter
772 1807 910 1894 virgines
929 1809 1079 1890 innuptas
1096 1820 1196 1873 tantae
1212 1806 1434 1892 corrupcionis

278 1896 433 1960 occultari
449 1919 514 1958 non
531 1896 647 1980 potuit.
700 1895 795 1958 Unde
811 1896 852 1958 de
869 1909 959 1960 tanto
974 1895 1115 1957 facinore
1127 1897 1195 1978 jam
1213 1897 1292 1960 mihi
1306 1899 1354 1960 rei
1377 1919 1435 1959 ve-

277 1984 406 2047 ritatem
423 1983 574 2059 edissere,
599 1984 675 2069 quia
689 1983 829 2046 secunda
850 1996 897 2048 est
924 1982 1031 2048 tabula
1047 1994 1117 2067 post
1134 1987 1258 2070 lapsum
1274 2008 1333 2071 per
1356 2007 1438 2048 con-

279 2071 449 2136 fessionem
466 2070 632 2155 poenitere.

740 2412 856 2490 [cAP.
882 2411 961 2496 rx]

328 2661 423 2725 Tunc
451 2660 573 2744 regina,
599 2658 753 2744 Episcopi
783 2657 1037 2746 indignationem
1071 2685 1135 2726 non
1169 2663 1339 2744 sustinens,
1365 2690 1437 2730 om-

280 2753 335 2814 nia
349 2749 490 2814 seriatim
506 2749 669 2832 exposuit3
694 2761 738 2824 et,
762 2748 899 2834 qualiter
923 2773 941 2812 a
968 2749 1036 2813 filio
1063 2774 1121 2816 suo
1147 2774 1223 2840 rege
1247 2753 1318 2817 haec
1342 2755 1437 2838 virgo

278 2839 324 2902 illi
341 2839 523 2903 transmissa
537 2851 569 2901 et
592 2836 762 2900 commissa
782 2834 903 2916 fuisset,
928 2836 1040 2902 edixit.
1090 2841 1233 2903 Audiens
1246 2865 1323 2906 vero
1342 2842 1437 2927 Epis-

281 2951 380 3012 copus
404 2941 530 3002 cuncta,
555 2948 628 3011 quae
651 2925 862 3008 contigerant,
879 2927 979 3010 coepit
994 2929 1102 2991 animo
1117 2930 1261 3012 pacatior
1283 2934 1435 3008 existere,

281 3029 313 3079 et
337 3013 533 3078 mansuetIus
557 3012 765 3096 postmodum
789 3028 905 3078 caetera
930 3014 1095 3081 sustinere.
1143 3017 1248 3095 Nunc,
1274 3017 1435 3106 inquiam,

281 3102 357 3188 quia
381 3099 444 3167 Dei
471 3101 641 3163 clementia
663 3100 796 3162 domum
819 3103 912 3166 istam
944 3103 1143 3187 impollutam
1178 3106 1362 3184 custodivit,
1388 3107 1437 3170 illi

280 3190 412 3254 laudum
443 3187 607 3274 praeconia
635 3188 821 3253 referamus.
880 3190 1105 3257 Indubitanter
1134 3216 1212 3280 ergo
1244 3193 1435 3279 Episcopus

280 3291 491 3366 percunctato
513 3275 654 3360 negotio,
668 3275 709 3339 de
726 3298 790 3361 quo
806 3279 835 3341 ei
850 3277 1005 3342 hactenus
1022 3294 1170 3366 suspecta
1185 3283 1297 3366 opinio
1313 3283 1433 3360 extitit,

280 3367 379 3430 nichil
394 3365 556 3430 sinistrum
574 3365 707 3428 ulterius
723 3365 921 3430 eredendum
928 3367 1095 3452 judicavit.
1147 3367 1231 3432 Nam
1255 3383 1288 3434 et
1310 3373 1435 3455 reginae

281 3454 486 3519 clementiam
508 3452 541 3516 in
557 3453 673 3537 puellae
689 3454 907 3537 compassione
922 3455 1071 3520 laudibus
1096 3457 1236 3534 sustulit,
1255 3471 1288 3522 et
1302 3459 1436 3543 virginis

280 3565 443 3629 oppressae
458 3543 675 3606 innocentiam
699 3543 753 3624 pia
776 3542 1037 3608 consideracione
1064 3545 1243 3632 mitigando
1268 3546 1436 3612 relevavit.

285 3629 386 3696 Unde
395 3629 539 3714 reginam
553 3628 719 3692 blandiciis
729 3628 882 3710 delinivit,
896 3645 929 3695 et
938 3631 1084 3696 convitiis
1096 3647 1321 3719 exasperatam
1333 3634 1438 3698 dulci-

280 3720 342 3784 bus
358 3717 504 3804 alloquiis
520 3716 719 3781 consolando
734 3717 879 3784 refovere
903 3741 968 3782 non
981 3720 1115 3787 destitit.
1165 3723 1339 3807 Puerperae
1354 3746 1437 3788 vero

280 3809 431 3870 innocuae
447 3804 653 3869 conscientiae
667 3805 820 3886 miserias,
831 3820 987 3893 quantum
1002 3808 1118 3892 potuit,
1130 3811 1321 3894 temperavit
1333 3835 1342 3888 3
1365 3834 1437 3875 sus-

281 3908 474 3979 ceptumque
488 3894 603 3978 'pignus
619 3907 729 3958 natum
742 3918 851 3960 secum
866 3896 1012 3972 sustulit3
1029 3909 1061 3961 et
1072 3897 1146 3984 quia
1155 3899 1310 3964 infantem
1326 3900 1437 3985 ipsum

282 3982 423 4048 maxime
439 3981 620 4068 opimorum
636 4005 766 4046 suorum
789 4005 832 4046 ex
847 3983 1003 4048 miraculo
1019 3985 1231 4051 choruscante
1247 3988 1435 4066 didiscerat,

283 4069 478 4135 omnimodis
494 4070 539 4134 illi
566 4071 713 4135 omnibus
729 4069 965 4158 diligentiorem
989 4096 1100 4138 curam
1124 4088 1158 4139 et
1179 4076 1359 4141 custodiam
1375 4077 1437 4141 ad-

283 4159 387 4223 hiberi
417 4159 562 4226 faciebat.
610 4159 681 4224 Nec
711 4158 813 4222 multo
838 4173 922 4242 post,
955 4184 1092 4247 puerum
1122 4163 1211 4227 unda
1232 4163 1438 4249 baptismatis

282 4245 435 4332 perfudit,
459 4248 511 4311 aui
526 4247 557 4310 in
574 4269 666 4311 sacro
681 4247 770 4310 fonte
796 4245 972 4315 Hibernico
988 4273 1135 4315 sermone
1153 4252 1300 4318 Mullucc
1315 4275 1439 4318 nomen

282 4337 445 4422 imposuit,
462 4336 505 4401 ad
521 4335 732 4422 ultimumque
744 4335 908 4402 literarum
931 4338 1042 4403 studiis
1058 4339 1134 4404 fecit
1148 4338 1290 4419 institui3
1314 4355 1348 4407 et
1359 4341 1439 4430 quia

283 4423 317 4490 in
343 4427 491 4493 omnibus
515 4423 621 4509 ipsum
647 4421 728 4489 vidit
750 4423 816 4490 Dei
838 4426 1010 4496 clementia
1033 4427 1174 4508 effulsiri,
1196 4429 1302 4518 ipsum
1336 4453 1438 4518 super
