3132 5286
471 458 609 510 saucrr
636 458 874 511 curassem.
1193 440 1239 512 81

100 624 294 691 Cuthbertus
310 623 374 688 suis
390 623 486 687 sacris
501 623 653 708 precibus
665 622 707 687 de
718 644 798 708 rupe
808 621 978 686 durissima
986 622 1108 687 fontem
1120 623 1240 704 elicuit,

98 715 151 799 qui
166 735 267 797 usque
279 714 311 776 in
323 733 465 798 praesens
478 733 575 799 aquas
588 710 767 796 perhennes
782 732 932 774 emanare
942 733 1006 774 non
1023 709 1150 776 desinit.
1175 713 1242 789 Qui

99 803 143 864 sic
168 802 356 865 moderante
378 800 583 884 providentia
598 799 706 862 divina
717 801 812 886 juges
828 821 928 885 aquas
943 796 1056 875 effluit,
1074 821 1115 864 ne
1130 801 1240 865 usibus

98 887 342 952 inhabitantium
371 887 557 972 superfluat,
583 887 640 950 sed
666 909 770 973 neque
795 884 1017 950 haurientibus
1032 888 1126 971 copia
1149 888 1242 954 desit.

101 975 199 1061 Cujus
229 998 295 1039 non
311 975 414 1060 major
434 987 483 1039 est
502 974 642 1038 latitudo
660 997 756 1061 quarn
771 997 855 1059 pene
871 972 1028 1059 bipedalis
1043 975 1077 1037 in
1093 998 1243 1062 suprema

99 1066 165 1149 ejus
190 1063 371 1148 superficie,
398 1085 495 1148 quem
510 1061 593 1147 lapis
615 1061 840 1149 praegrandior
854 1060 937 1125 illius
961 1061 1058 1125 fontis
1071 1086 1107 1126 os
1120 1065 1242 1151 jugiter

98 1153 314 1237 superpositus
337 1152 451 1236 operit,
476 1171 572 1236 quem
599 1150 735 1214 Sanctus
752 1148 815 1213 Dei
831 1149 879 1212 ori
905 1149 1004 1213 fontis
1025 1151 1240 1237 superposuit.

103 1239 194 1324 Aqua
208 1261 285 1302 vero
306 1237 390 1302 illius
412 1239 488 1301 satis
504 1237 545 1301 ad
591 1237 763 1301 nstandum
779 1236 931 1300 dulciflua
952 1250 986 1301 et
1008 1239 1241 1320 aegrotantibus

99 1326 269 1409 plurimum
291 1325 402 1410 sapida
417 1338 514 1412 atque
537 1262 698 1390 salutifera
709 1325 778 1388 fore
798 1324 966 1409 probatur.
1013 1325 1057 1388 Et
1081 1327 1156 1412 quia
1170 1326 1242 1392 fons

98 1413 149 1477 ille
159 1413 333 1498 peramplae
343 1414 477 1478 interius
489 1412 677 1490 latitudinis,
690 1411 784 1475 simul
794 1423 827 1475 et
837 1412 911 1476 altae
920 1411 1146 1497 profunditatis
1158 1437 1240 1478 sem·

99 1523 217 1589 perque
234 1524 335 1586 usque
351 1500 391 1565 ad
404 1523 563 1564 summum
577 1499 837 1564 indeficientibus
847 1500 962 1584 plenus
973 1514 1021 1564 est
1030 1502 1138 1586 aquis:
1157 1505 1241 1568 unde

98 1601 144 1651 est
160 1589 284 1675 quodsi
301 1589 372 1676 quis
388 1587 526 1667 lapidem
539 1588 731 1673 praedictum
744 1587 868 1651 afontis
879 1610 934 1651 ore
946 1588 1119 1666 sustulerit,
1132 1593 1241 1655 statim

98 1699 178 1761 aqna
200 1676 357 1741 ebulliens
374 1674 596 1760 supereffluit,
614 1692 646 1739 et
663 1674 852 1739 violantibus
866 1675 959 1738 undis
976 1689 1076 1738 metas
1088 1679 1241 1765 marginis

98 1765 155 1827 sub
167 1764 320 1848 temporis
343 1780 508 1827 momento
524 1785 621 1848 super
642 1763 780 1826 excedit.
829 1762 979 1826 Festinus
1001 1763 1140 1848 proinde
1156 1768 1241 1850 quis-

97 1851 165 1936 quis
189 1874 287 1938 aquas
318 1874 391 1916 cum
415 1849 566 1928 hauserit,
593 1850 731 1935 lapidem
754 1863 896 1913 amotum
913 1850 986 1914 loco
1011 1852 1110 1935 priori
1134 1851 1242 1918 locare

96 1937 241 2017 intendit,
267 1939 342 2026 quia
367 1940 463 2024 juxta
481 1939 568 2025 quod
586 1939 718 2002 tradunt
743 1938 854 2016 Scotti,
873 1937 899 2001 si
929 1938 1010 2022 lapis
1037 1938 1157 2003 diutius
1184 1955 1240 2007 aut

22 2045 27 2062 ⁶
96 2026 218 2109 penitus
235 2040 362 2091 amotus
377 2027 498 2103 fuisset,
514 2025 599 2090 unda
614 2026 772 2090 ebulliens
788 2047 916 2089 omnem
934 2027 1119 2091 Scottorum
1135 2029 1240 2114 regio·

97 2135 168 2177 nem
183 2137 338 2202 aquarum
353 2114 544 2180 inundantia
558 2114 710 2199 operiret.

269 2425 386 2506 [aar.
408 2419 773 2506 xxxa-naama
789 2425 884 2489 aar
900 2425 1065 2494 cartae.

139 2649 323 2717 Solitariam
339 2649 435 2739 igitur
459 2649 503 2713 ibi
528 2648 595 2714 viro
621 2647 684 2712 Dei
706 2649 804 2712 vitam
828 2664 955 2734 agente,
973 2654 1070 2738 coepit
1085 2659 1115 2721 ei
1138 2658 1237 2726 hostis

95 2750 257 2804 tortuosus
270 2761 309 2802 eo
318 2738 412 2802 altius
422 2736 567 2801 invidere
578 2758 643 2822 quo
653 2736 759 2799 locum
772 2738 841 2819 ejus
853 2741 1094 2806 conversatione
1108 2747 1238 2812 solitum

95 2825 138 2888 illi
157 2826 335 2892 conabatur
349 2826 500 2909 arripere.
551 2821 646 2896 Quod
665 2823 836 2887 advertens
853 2825 900 2887 vir
917 2826 991 2900 Dei,
1009 2850 1135 2894 crucem
1149 2857 1238 2922 mag-

94 2934 165 2978 nam
180 2914 343 3000 lapideam
359 2914 391 2974 in
407 2911 513 2974 media
529 2911 646 2973 montis
662 2909 797 2993 planicie
809 2911 921 2989 erexit,
932 2926 965 2977 et
977 2914 1059 2979 adeo
1070 2918 1103 2979 iu
1113 2920 1238 2987 sullime

95 3004 219 3081 extulit,
236 3001 325 3087 quod
349 3000 410 3062 nisi
426 3020 485 3084 per
499 2997 618 3086 gradus
641 2997 723 3060 adiri
739 3020 803 3061 non
819 3001 936 3083 possit:
961 3003 1136 3070 oratorium
1160 3031 1237 3074 vero
1277 3033 1280 3039 ·

95 3089 151 3152 sibi
161 3091 203 3156 de
228 3089 322 3173 lignis
345 3086 534 3150 informibus
557 3084 728 3162 exstruxit,
745 3098 777 3150 et
792 3101 905 3172 postea
920 3111 973 3153 vas
989 3092 1152 3177 quoddam
1169 3098 1236 3162 bal-

95 3180 237 3242 nearium
253 3176 294 3240 de
305 3175 413 3260 lapide
429 3176 556 3257 integro
566 3174 625 3238 sibi
641 3173 818 3250 fabricavit,
832 3177 919 3262 quod
930 3202 996 3241 non
1008 3179 1104 3264 longe
1114 3206 1133 3246 a
1143 3206 1237 3252 cruce

94 3267 246 3347 praedicta
269 3265 397 3330 locavit.
449 3261 487 3325 ln
503 3285 578 3348 qu0,
607 3277 643 3325 ut
665 3275 820 3339 asserunt,
845 3286 928 3348 aqua
950 3266 1093 3348 impletu,
1119 3271 1238 3339 intrare

94 3355 268 3430 consuevit,
292 3366 324 3416 et
346 3352 390 3415 ibi
413 3364 526 3414 noctes
549 3351 732 3432 insompnes
756 3351 787 3411 in
812 3353 903 3436 aquis
919 3351 1041 3435 frigidis
1058 3355 1188 3436 ducere,
1205 3374 1238 3425 et

95 3441 238 3506 manibus
250 3441 283 3502 iu
298 3439 413 3502 caelum
431 3435 599 3520 protensis,
617 3434 768 3519 evigilare
785 3458 885 3521 usque
902 3439 942 3502 ad
959 3437 1137 3506 diluculum
1160 3463 1235 3512 ante

96 3525 227 3592 Domini
243 3526 367 3591 orando
383 3536 589 3608 conspectum
605 3524 660 3609 qui
676 3521 752 3586 fecit
767 3523 866 3591 illum.
904 3524 1003 3598 Quod
1015 3549 1067 3591 vas
1083 3531 1189 3597 adhuc
1201 3537 1235 3599 in

95 3617 207 3680 montis
223 3617 342 3680 vertice
357 3625 537 3697 permanet,
551 3623 584 3674 et
596 3611 815 3696 spectaculum
828 3612 1126 3683 multaedevotionis
1138 3642 1235 3688 cunc-

94 3701 131 3762 tis
158 3703 357 3768 intuentibus
387 3700 521 3786 praebet‚
570 3698 697 3775 Quibus
729 3700 797 3783 ejus
827 3699 887 3782 piis
913 3703 1065 3786 operibus
1088 3706 1236 3777 diabolus

94 3793 230 3855 atrocius
254 3789 411 3866 invidens,
443 3810 498 3853 vas
521 3786 581 3850 sibi
609 3786 696 3850 aliud
712 3786 875 3871 lapideum
898 3787 930 3852 in
947 3790 1090 3876 ejusdem
1115 3799 1233 3863 montis

92 3879 261 3961 supercilio
271 3875 387 3953 effecit,
397 3876 487 3962 quasi
496 3874 560 3939 Dei
572 3897 666 3938 servo
675 3874 839 3949 illusurus;
856 3875 1075 3961 habitaculum
1087 3882 1239 3952 balneare

93 3965 281 4031 construxit.
329 3964 395 4030 Sed
408 3963 572 4027 vasculum
590 3962 700 4027 Sancti
718 3961 892 4028 moderatae
904 3978 954 4029 est
966 3966 1162 4051 quantitatis,
1181 3995 1236 4038 vas

95 4071 170 4116 vero
185 4052 356 4118 adversarii
373 4049 592 4135 incompositae
608 4064 641 4112 et
656 4051 796 4114 enormis
811 4051 1049 4138 magnitudinis.
1084 4054 1236 4130 Quadam

93 4136 230 4228 denique
246 4140 298 4205 die
314 4138 361 4203 vir
377 4139 440 4203 Dei
454 4135 671 4202 colluctatoris
687 4138 735 4201 sui
746 4138 873 4201 inimica
889 4139 1099 4204 contubernia
1114 4142 1234 4213 diutius

93 4227 248 4292 sustinere
261 4228 374 4305 noluit,
391 4225 466 4313 quia
480 4225 563 4289 inter
578 4245 705 4288 servum
723 4225 786 4289 Dei
800 4240 834 4289 et
852 4225 955 4288 Belial
969 4227 1059 4290 nulla
1068 4249 1238 4302 conversa-

94 4314 138 4377 tio
154 4339 223 4381 esse
237 4315 353 4402 potuit,
370 4313 486 4379 fustem
502 4310 726 4400 praegrandem
742 4311 832 4398 quasi
853 4311 961 4396 palum
980 4314 1107 4381 fullonis
1122 4322 1237 4411 arripi·

93 4421 148 4468 ens
163 4417 195 4469 et
206 4403 331 4469 hostem
347 4399 529 4490 insequens,
546 4398 587 4465 de
602 4399 675 4463 loco
690 4397 724 4463 in
739 4399 846 4464 locum
862 4395 952 4466 illum
968 4401 1102 4489 pepulit,
1119 4417 1151 4474 et
1163 4431 1236 4496 per·
