3132 5286
609 435 848 492 curuantur.

283 873 400 956 [CAP.
417 871 830 1043 XVIII.]—Deknttikeaculo
844 874 931 958 quod
944 873 982 938 de
996 876 1064 954 tirso
1071 874 1164 956 settle
1190 813 1196 826 ι

630 980 664 1024 so
766 980 806 1024 rr.

281 1186 345 1253 Hic
360 1187 433 1252 fons
446 1185 597 1250 nimirum
612 1183 689 1249 facit
702 1185 766 1250 hoc
780 1187 815 1250 in
830 1197 978 1272 ternpore
993 1183 1122 1265 mirum,

279 1275 355 1340 Istis
370 1287 511 1362 potatur,
528 1272 588 1339 illis
600 1272 744 1359 potando
759 1285 906 1362 negatur.
1243 1349 1248 1366 ἶ

286 1363 433 1450 Namque
449 1362 505 1427 dat
521 1361 651 1439 insonti,
669 1361 726 1425 sed
741 1383 808 1426 non
823 1361 879 1426 dat
893 1361 1011 1446 pocula
1022 1363 1125 1428 sonti:

281 1451 397 1516 Insons
412 1451 488 1516 inde
503 1449 596 1527 bibit,
614 1449 724 1514 sitiens
739 1450 844 1536 pirata
858 1449 989 1526 redibit,

279 1539 431 1628 Denique
448 1541 585 1604 siccatur
601 1551 716 1602 utnon
732 1553 853 1603 asonte
868 1537 1006 1603 bibatur.

281 1627 340 1690 Vir
355 1626 461 1692 meriti
477 1625 568 1702 tanti,
587 1647 692 1710 prece,
712 1647 784 1712 quae
801 1627 909 1710 placet
925 1625 1169 1704 omne-creanti,

282 1716 370 1779 Saxa
384 1737 467 1778 meae
483 1712 599 1778 mentis
614 1713 709 1775 fletus
726 1713 852 1778 mollito
868 1711 1018 1778 fluentis:

283 1801 448 1889 Quicquid
463 1801 563 1865 habet
577 1799 678 1863 sordis
695 1799 782 1864 lavet
797 1799 859 1864 hoc
874 1798 1082 1886 compunctio
1097 1799 1215 1878 cordis,

283 1890 332 1955 Ut
348 1890 389 1955 de
405 1892 494 1956 fonte
508 1887 628 1965 bibam,
645 1909 703 1973 per
718 1909 815 1974 quern
830 1911 889 1976 per
904 1888 1011 1954 secula
1027 1889 1141 1954 vivam.

293 2253 410 2334 [CAP.
428 2250 716 2407 XIX.]-Quodbp
731 2273 792 2404 sup
805 2271 900 2316 mesre
914 2251 1004 2314 verbo
1018 2253 1155 2316 volana

652 2364 673 2405 a
706 2363 795 2426 pert.

280 2568 401 2632 Vivens
417 2587 507 2632 more
522 2576 661 2651 patrum,
678 2586 897 2651 manuumque
912 2563 1023 2630 labore
1039 2576 1177 2643 tuarum,

283 2654 477 2720 Credideras
493 2654 560 2718 ruri
577 2678 664 2741 spem
682 2655 784 2720 victus
799 2666 876 2718 vota
890 2653 1007 2718 futuri:

281 2744 346 2808 Sed
362 2756 418 2807 tua
432 2756 620 2826 raptantum
636 2756 705 2807 sata
720 2744 804 2806 laesit
820 2739 916 2805 turba
927 2741 1106 2818 volantum,

284 2830 373 2905 Quas
388 2828 565 2916 prohibens
580 2829 648 2894 istis
659 2831 750 2914 jussu
767 2828 903 2911 depellis
920 2826 1039 2890 aristis:

282 2919 436 3006 Hincque
452 2929 539 2980 tuam
556 2928 678 2981 temere
692 2939 828 2982 messem
845 2937 1008 3001 nunquam
1025 2914 1170 3004 tetigere.

284 3007 349 3084 Sic,
368 3003 490 3070 Christi
506 3004 605 3069 verbo
620 3006 714 3090 pulso
732 3005 889 3091 praedone
905 3003 1054 3088 superbo,

283 3094 349 3158 Fac
362 3114 472 3158 semen
487 3107 635 3157 sanctum
651 3092 776 3158 radicet
791 3091 896 3156 cordis
912 3092 946 3155 in
963 3091 1064 3156 altum
1077 3115 1086 3169 3

283 3182 384 3248 Unde
399 3181 480 3246 fides
497 3193 631 3260 crescat,
649 3195 684 3247 et
699 3181 872 3248 crescendo
886 3179 1069 3247 revirescat.

254 3545 369 3638 [CAP.
387 3544 624 3627 xxa-Quod
632 3547 718 3609 corui
732 3545 883 3625 injuriam
897 3561 992 3625 quam
1006 3542 1036 3604 ei
1039 3539 1195 3620 fecerant,

434 3636 577 3718 precibus
591 3642 621 3697 et
634 3634 810 3698 musanus
819 3639 1008 3714 purqamu.

286 3859 430 3945 Hospitii
446 3872 567 3926 tectum
583 3860 649 3924 duo
665 3858 873 3923 dilacerando
887 3869 1045 3922 retectum

282 3948 381 4013 Corvi
396 3948 590 4026 rescindunt,
605 3947 769 4034 prolisque
785 3946 847 4010 cub
861 3943 1092 4010 ilibusindunt:

173 4081 179 4088 -
282 4036 446 4121 Praecipis,
463 4052 496 4100 et
510 4035 640 4113 cedunt,
658 4058 732 4099 nam
748 4048 822 4120 post
834 4049 891 4098 tua
901 4035 993 4118 jussa
1007 4029 1181 4097 recedunt:

283 4125 349 4189 Sed
364 4149 440 4190 cum
455 4146 531 4188 rura
544 4123 638 4203 fodis,
655 4137 728 4208 post
742 4125 827 4188 trina
840 4121 1004 4186 volumina
1018 4118 1103 4196 solis,

283 4212 375 4277 Alter
389 4214 481 4280 adest
495 4223 639 4290 moestus,
655 4225 745 4277 motu
759 4210 835 4275 facit
849 4209 954 4275 indice
971 4219 1102 4298 questus
1110 4230 1120 4284 ;

283 4305 372 4366 Voce
387 4300 517 4388 quidem
532 4312 657 4379 moeret,
675 4313 770 4365 terrae
785 4299 941 4364 demissus
957 4297 1123 4373 adhaeret3

283 4387 508 4458 Lamentando
516 4387 618 4478 jacet,
634 4387 775 4479 sibique
797 4400 853 4504 tua
866 4400 998 4475 pectora
1019 4385 1143 4488 placetr
