3094 5292
515 480 627 530 naors
655 479 875 528 narnonun.
1221 464 1270 536 2²9

124 729 225 794 cAP.
248 727 285 790 X
286 727 318 792 V
315 729 528 806 .-Qnomodo
542 730 622 792 idem
636 729 752 808 arnseo
766 748 788 790 a
798 728 985 808 fanwsticis
1005 728 1197 792 illusionibus
1212 748 1272 809 per

540 816 624 904 Earn
639 818 682 878 sit
693 816 850 878 liberatus.

168 979 235 1052 ¹Per
253 985 341 1050 idem
359 986 426 1050 fere
450 998 588 1070 tempus,
613 983 752 1050 eundem
774 985 907 1049 fratrem
926 983 1095 1062 Arkillum,
1108 985 1163 1072 qui
1185 1007 1270 1056 nunc

122 1095 225 1158 usque
242 1085 399 1156 superest,
417 1072 563 1137 diabolus
585 1072 735 1136 humanae
750 1071 859 1135 salutis
874 1070 1018 1136 inimicus
1033 1094 1071 1135 ac
1088 1071 1187 1136 totius
1211 1073 1271 1136 bo-

121 1158 232 1222 nitatis
247 1153 468 1236 adversarius,
491 1159 567 1244 quia
588 1158 773 1242 vigilantem
797 1157 874 1222 satis
897 1179 963 1220 non
989 1157 1194 1241 praevalebat,
1217 1159 1269 1222 vel

79 1253 82 1260 '
122 1245 339 1310 dormientem
374 1243 551 1310 fantasticis
590 1244 786 1308 illusionibus
827 1243 1006 1329 inquietare
1047 1247 1269 1310 consueverat.

127 1331 277 1406 Quadam
291 1332 388 1396 etiam
411 1344 505 1396 nocte
525 1332 603 1395 dum
625 1332 725 1396 frater
740 1331 793 1394 ille
809 1331 842 1394 in
862 1342 964 1394 stratu
983 1352 1041 1395 suo
1064 1332 1269 1418 requiescens

123 1440 271 1482 somnum
294 1430 435 1503 caperet,
461 1419 553 1482 adest
579 1428 754 1502 temptator
778 1417 909 1494 solitus,
925 1417 1092 1500 parvulum
1117 1416 1268 1482 simulans

122 1504 326 1590 AEthiopem,
344 1505 440 1569 dorso
455 1503 562 1568 fratris
577 1504 672 1582 illius,
684 1515 782 1588 prout
801 1503 860 1567 sibi
872 1503 1053 1579 videbatur,
1067 1503 1208 1592 graviter
1223 1504 1271 1572 in»

120 1589 311 1655 haerentem.
345 1592 492 1679 Cumque
502 1590 678 1654 diutissima
689 1613 764 1654 eum
776 1590 981 1675 oppressione
992 1589 1191 1677 maliciaeque
1201 1613 1268 1656 suae

120 1678 303 1760 ponderosa
318 1677 403 1742 mole
421 1677 599 1762 procaciter
614 1677 789 1755 afflixisset,
806 1677 909 1740 visum
923 1689 974 1742 est
988 1676 1079 1740 fratri
1094 1677 1182 1763 quod
1197 1689 1270 1742 tan·

121 1763 196 1827 dem
218 1763 341 1852 injectis
366 1765 384 1830 a
410 1777 501 1848 tergo
527 1765 672 1828 matribus
687 1762 770 1828 virili
796 1763 935 1828 eundem
960 1763 1073 1828 annisu
1098 1763 1268 1847 parvulum

120 1850 274 1934 arripere,
288 1863 322 1915 et
337 1850 426 1937 quasi
441 1873 499 1935 per
510 1849 659 1914 minutias
672 1862 777 1915 totum
792 1849 1006 1934 confringens,
1024 1849 1056 1912 in
1071 1849 1179 1934 ignem
1194 1850 1265 1928 sibi,

120 1937 204 2020 proh
220 1936 319 2014 nefas,
337 1937 511 2002 minantem
526 1937 694 2021 proiceret.
741 1947 764 1978 “
779 1936 892 2000 Vicisti
907 1940 977 2001 me’²
992 1936 1095 2023 inquit
1118 1946 1138 1980 “
1151 1936 1264 2015 vicisti,

121 2023 179 2087 sed
194 2023 322 2087 noveris
338 2036 371 2088 te
387 2025 429 2088 ob
445 2024 526 2088 hanc
541 2023 689 2108 injuriam
711 2046 809 2112 grave
826 2023 1048 2108 crurifragium
1063 2023 1096 2086 in
1118 2022 1268 2107 proximo

121 2132 191 2174 esse
214 2132 391 2194 passurum.
440 2111 546 2174 Ambo
568 2112 688 2174 etenim
711 2133 804 2173 crura
826 2111 885 2174 tibi
907 2109 940 2172 in
962 2109 1100 2174 crastino
1116 2109 1267 2174 talionem

120 2198 301 2281 rependens
316 2197 470 2281 perfringi
492 2196 637 2262 faciam.”
682 2197 737 2276 Ad
760 2218 854 2282 quern
876 2195 976 2260 frater
1001 2196 1086 2260 “De
1108 2199 1192 2273 me,”
1208 2197 1265 2274 ait,

123 2292 146 2324 ‘⁶
159 2284 307 2348 voluntas
324 2283 389 2347 Dei
404 2284 471 2361 fiet,
486 2306 598 2348 verum
613 2294 772 2346 tamenta
787 2281 885 2345 modo
903 2282 991 2366 prius
1007 2282 1163 2346 ardebis.”
1212 2283 1266 2351 stc
1377 2287 1380 2294 “

120 2368 165 2433 sic
176 2370 327 2434 nimirum
342 2370 471 2434 fraudes
488 2369 638 2434 Sathanae
654 2369 671 2433 a
684 2368 914 2434 dormientibus
924 2391 1052 2455 quoque
1066 2368 1158 2432 nobis
1173 2370 1266 2434 relidi

120 2469 254 2540 possunt
269 2470 303 2521 et
318 2457 436 2540 respui,
454 2457 480 2520 si
502 2457 580 2522 dum
594 2478 729 2541 corpore
745 2455 923 2540 vigilamuS,
945 2477 1010 2520 non
1034 2455 1267 2526 dormientibus

120 2543 270 2626 peccatis,
285 2544 343 2608 sed
356 2543 421 2607 Dei
431 2545 602 2628 praeceptis
613 2542 827 2628 invigilantes,
843 2541 946 2608 eidem
960 2542 1144 2607 adversario
1156 2556 1267 2610 nostro

120 2629 226 2693 sobrie
242 2653 279 2694 ac
301 2630 441 2694 fideliter
463 2630 658 2695 resistamua
706 2630 804 2695 Unde
832 2629 951 2694 Beatus
977 2630 1091 2694 Petrus
1114 2629 1267 2696 admonet

120 2715 241 2782 dicens.
289 2717 437 2782 “Estote
466 2718 653 2802 prudentes,
678 2728 712 2780 et
735 2716 866 2800 vigilate
893 2717 926 2778 in
956 2715 1165 2782 orationibus.
1221 2717 1266 2782 Et

119 2803 217 2867 sobrii
240 2815 344 2869 estote
367 2817 402 2868 et
423 2804 565 2888 vigilate,
589 2803 665 2889 quia
686 2801 884 2866 adversarius
900 2813 1006 2866 vester
1027 2801 1173 2866 diabolus
1197 2814 1268 2866 tan-

143 2912 217 2954 uam
231 2891 283 2955 leo
298 2891 438 2975 rugiens,
451 2890 564 2954 circuit
572 2911 718 2977 quaerens
733 2911 829 2975 quem
844 2888 990 2952 devoret.
1038 2887 1100 2953 Cui
1115 2887 1265 2968 resistite,

119 2912 218 3042 fortes
233 2978 267 3040 in
281 2977 377 3042 fide.''
426 2976 558 3041 Sobrius
573 2974 719 3060 profectb
735 2975 783 3038 vir
799 2975 858 3040 iste
875 2974 1018 3063 vigilare,
1035 2987 1069 3038 et
1084 2975 1268 3040 adversario

120 3086 154 3128 se
170 3063 324 3128 devorare
339 3063 496 3150 quaerenti
510 3063 600 3127 fortis
616 3064 650 3126 in
665 3062 729 3127 fide
744 3062 891 3126 resistere
906 3074 1051 3139 noverat,
1069 3061 1168 3148 quiet
1183 3063 1267 3150 ignis

119 3150 287 3215 adustione
304 3150 344 3216 de
362 3151 418 3215 illo
434 3163 500 3216 tam
522 3149 656 3234 pulchra
671 3149 848 3234 triumphat
865 3149 996 3213 visione.
1044 3148 1088 3212 Et
1107 3150 1182 3234 apti
1197 3149 1269 3236 qui-

119 3237 194 3302 dem
205 3237 354 3322 malignae
365 3235 623 3302 inflammationis
635 3235 764 3320 spiritus
780 3247 933 3322 tanquam
947 3236 1083 3301 flammis
1094 3237 1267 3321 ,ultricibus

116 3324 223 3408 perire
239 3325 421 3403 videbatur,
460 3324 493 3388 ui
507 3323 628 3390 scilicet
642 3322 684 3386 ad
706 3322 768 3386 hoc
780 3335 912 3387 venerat
925 3346 936 3397 ;
947 3344 984 3386 ac
1000 3322 1089 3386 velut
1103 3323 1268 3388 latruncu-

116 3411 168 3476 lus
190 3411 421 3496 posterioribus
436 3348 543 3476 lanis
567 3409 650 3474 illins
670 3409 891 3474 fraudulenter
913 3408 1095 3486 inhaeserat,
1113 3422 1149 3472 nt
1171 3409 1204 3472 in
1226 3433 1267 3476 eo

116 3499 261 3564 flammas
271 3498 461 3564 accenderet
472 3497 633 3561 vitiorum.
684 3496 749 3560 Sed
762 3495 957 3581 propitiante
974 3494 1048 3559 Deo
1064 3495 1152 3581 quod
1166 3495 1268 3560 frater

115 3585 172 3648 ille
187 3582 273 3663 veri,
291 3598 327 3650 ut
341 3584 562 3670 praemisimus,
581 3583 718 3667 simplex
733 3596 766 3648 et
788 3583 941 3646 innocens
956 3604 1021 3646 non
1037 3582 1215 3661 accederat,
1233 3583 1266 3646 in

117 3694 153 3736 se
170 3667 312 3736 Domino
328 3683 520 3757 protegente
536 3693 602 3735 non
616 3672 705 3734 arsit.
751 3669 964 3754 Triumphato
976 3669 1074 3755 igitur
1086 3681 1120 3734 et
1135 3669 1167 3732 in
1182 3693 1274 3734 som-¹

116 3760 167 3822 nis
190 3758 237 3824 ita
258 3761 392 3824 confuso
414 3760 508 3824 hoste
531 3757 736 3845 nequissimo,
760 3757 859 3822 frater
882 3757 1034 3844 evigilat3
1058 3757 1269 3823 vehementer

117 3845 249 3932 quidem
265 3845 423 3913 diabolica
441 3847 534 3910 laesus
557 3843 805 3929 compressione,
823 3843 881 3908 sed
903 3844 945 3907 de
959 3843 1094 3908 victoria
1109 3856 1142 3908 et
1164 3844 1268 3910 hostis

116 3933 168 3996 sui
189 3932 265 3996 licet
280 3932 466 4018 imaginaria
488 3933 616 3998 laetatus
632 3931 824 4016 dejectione.
871 3930 981 3994 Terris
997 3929 1124 3994 interim
1139 3928 1266 3996 reddita

116 4018 182 4096 die,
199 4019 299 4084 frater
313 4043 379 4084 non
390 4020 557 4084 immemor
572 4018 701 4082 visionis
716 4030 883 4082 nocturnae
899 4029 1001 4082 armat
1017 4017 1157 4082 frontem
1172 4017 1267 4101 signo

115 4105 221 4171 crucis
242 4107 427 4185 salutiferae,
444 4106 535 4172 etad
557 4127 637 4190 opus
657 4115 849 4170 consuetum
865 4104 929 4192 (est
944 4103 1030 4168 enim
1045 4104 1265 4188 carpentarius

114 4194 313 4258 monasterio
337 4193 412 4260 satis
439 4193 540 4279 utilis)
565 4214 690 4256 summo
716 4215 810 4256 mane
833 4190 974 4254 festinat.
1024 4189 1111 4264 Quid
1135 4192 1265 4256 multa?

117 4279 225 4344 Adest
239 4280 339 4346 frater
350 4293 550 4366 operaturus,
567 4278 659 4343 adest
670 4289 703 4342 et
718 4277 883 4342 invisibilis
898 4276 1055 4355 inimicus,
1071 4277 1104 4340 in
1119 4278 1267 4355 fratrem,

114 4365 142 4430 si
170 4367 317 4446 valuerit,
348 4367 475 4436 fortiter
500 4365 730 4431 vindicaturus.
777 4364 894 4449 Incipit
923 4364 1098 4428 monachus
1125 4365 1263 4449 operari,

114 4453 265 4520 diabolus
277 4454 435 4521 insidiari:
478 4454 611 4520 Insudat
623 4452 683 4519 iste
696 4475 755 4537 pro
765 4451 885 4518 viribus
894 4450 997 4518 labori
1013 4463 1046 4517 et
1056 4451 1265 4530 obedientiae,
