3094 5292
311 535 335 600 4
757 545 853 594 ‘vira
881 545 1018 594 osurru

309 731 424 775 narum
439 705 662 784 exuberantia,
680 718 716 770 ut
729 708 861 784 assolet,
879 706 1020 772 animum
1040 708 1107 792 ejus
1124 707 1322 770 abstractum
1338 706 1392 770 ille
1399 706 1447 770 xit
1462 729 1474 781 ;

312 799 389 884 quia
404 795 523 860 divitiis
543 794 746 858 affluentibus
763 817 819 859 cor
833 819 899 859 non
921 817 1096 881 apponens,
1113 816 1208 858 usum
1223 816 1265 858 ex
1282 794 1328 858 eis
1344 816 1471 878 semper

305 883 475 970 quaesivit,
492 903 557 946 nou
579 883 692 944 luxum
715 881 818 946 ineis.
867 884 1016 969 Cumque
1035 885 1132 969 justae
1154 881 1234 965 legis
1250 881 1473 946 moderamine

315 973 474 1058 subjectas
486 981 615 1054 regeret
628 969 748 1054 plebes,
763 969 830 1054 ipse
847 969 1019 1034 Dominica
1030 971 1102 1053 lege
1118 969 1188 1052 regi
1203 982 1236 1032 et
1253 970 1374 1033 erudiri
1385 968 1472 1032 omni

302 1057 532 1122 'sollicitudine
548 1057 710 1120 studebat.
757 1056 909 1121 Terrenis
926 1079 1062 1143 namque
1078 1058 1174 1120 rebus
1190 1056 1232 1120 ad
1251 1069 1364 1121 votum
1380 1055 1472 1118 afflu-

226 1217 229 1230 ,
304 1160 387 1222 ens,
404 1145 462 1209 sed
477 1165 533 1208 cor
548 1166 614 1206 non
629 1166 804 1228 apponens,
822 1145 935 1209 eadem
951 1167 985 1209 se
1006 1143 1193 1207 humilitatis
1210 1143 1293 1208 linea
1308 1143 1474 1206 modifica-

319 1233 377 1297 ba't
387 1231 457 1316 jam
469 1231 500 1294 in
516 1253 654 1314 regnum
666 1230 866 1309 sublimatus,
878 1233 944 1318 qua
959 1244 1169 1295 consueverat
1186 1231 1284 1294 exilio
1296 1231 1474 1314 relegatus;

322 1331 356 1384 et
372 1319 589 1383 conditionem
606 1331 728 1382 naturae
744 1317 890 1396 similem,
904 1334 938 1382 et
952 1319 1033 1402 regii
1049 1317 1168 1401 gradus
1184 1317 1369 1380 dissimilem
1391 1339 1475 1380 sem-

290 1397 296 1410 *
321 1429 381 1492 per
395 1405 577 1483 attendens,
595 1404 756 1469 hominem
772 1427 806 1469 se
822 1406 1002 1469 hominibus
1018 1405 1111 1470 bonis
1127 1427 1164 1468 ac
1180 1405 1346 1482 modestis,
1364 1425 1476 1488 regem
1508 1469 1510 1474 ,

323 1491 401 1558 verb
421 1493 497 1556 feris
520 1515 556 1556 ac
580 1491 753 1569 indomitis,
771 1491 804 1555 in
826 1493 983 1581 regimine
998 1492 1192 1568 exhibebat3
1209 1503 1242 1556 et
1265 1492 1392 1554 illorum
1406 1513 1477 1553 mo-

305 1596 307 1600 “
322 1579 460 1644 destiam
474 1579 609 1664 praeibat
620 1578 787 1657 modestia,
803 1592 835 1644 et
845 1580 958 1644 horum
971 1580 1133 1644 feritatem
1146 1579 1275 1643 feritate
1289 1579 1474 1663 premebat;

306 1681 309 1686 '
324 1680 421 1755 atque
434 1667 475 1730 ad
491 1665 600 1730 omnia
611 1665 782 1750 spiritualis
798 1667 945 1732 exercitii
961 1667 1058 1732 studii
1074 1690 1108 1731 se
1121 1667 1320 1750 accingebat,
1335 1665 1392 1729 sed
1407 1665 1477 1749 opi-

305 1759 310 1769 '
323 1755 383 1819 bus
395 1753 623 1818 misericordiae
635 1752 818 1837 diligentius
831 1777 864 1818 se
877 1765 982 1819 totum
991 1755 1190 1819 effundebat.
1225 1754 1256 1818 Ο
1267 1753 1400 1838 plenum
1408 1751 1479 1836 pie-

325 1855 394 1905 tate
405 1840 522 1904 virum!
536 1839 717 1904 diademate
728 1840 876 1928 dignuml
899 1841 948 1905 Eo
959 1855 1104 1926 tempore
1116 1840 1477 1928 Nordthanymbrorum

325 1927 521 2013 provinciam
534 1929 609 1991 cura
620 1928 771 2012 pastorali
786 1929 921 2012 regebat
934 1928 1135 1993 beatissimus
1155 1929 1298 1997 Aidanus
1308 1926 1454 2012 pontifex
1465 1953 1478 2001 ;

328 2014 425 2102 quem
446 2015 593 2078 Scottum
609 2035 738 2098 genere,
755 2015 820 2079 fide
836 2015 1040 2093 catholicum,
1063 2017 1197 2079 Sanctus
1216 2015 1289 2079 Rex
1310 2014 1479 2080 Oswaldus

329 2103 361 2178 iu
384 2101 584 2188 pontificium
599 2101 826 2180 sullimaverat,
845 2104 977 2190 ejusque
993 2102 1233 2190 praedicatione,
1251 2099 1360 2166 divina
1374 2101 1481 2186 gratia
1528 2107 1529 2110 ’

329 2204 461 2276 gentem
476 2211 540 2253 nou
564 2188 723 2253 modicam
739 2189 781 2254 ad
807 2191 905 2256 Cristi
919 2192 1016 2256 fidem
1032 2203 1247 2255 converterat.
1294 2189 1403 2273 Hujus
1421 2189 1484 2250 viri

327 2277 517 2342 sanctissimi
532 2299 574 2341 ex
593 2277 827 2342 consuetudine
847 2279 986 2343 officium
1002 2290 1080 2355 erat,
1097 2279 1225 2363 plebem
1249 2275 1308 2340 sibi
1331 2277 1482 2339 commis-

329 2387 396 2428 sam
412 2387 478 2428 non
497 2364 601 2426 solum
623 2363 655 2425 in
672 2365 805 2428 ecclesia
829 2365 956 2443 docere,
973 2365 1031 2428 sed
1054 2366 1150 2428 etiam
1174 2377 1304 2448 propter
1319 2363 1485 2426 nascentis
1528 2393 1529 2454 p

329 2451 407 2515 fidei
426 2450 673 2514 teneritudinem
689 2451 885 2534 provinciam
897 2451 1126 2515 circumeundo
1141 2449 1284 2514 fidelium
1300 2449 1412 2512 domos
1429 2449 1483 2512 iu·
1528 2459 1529 2524 i

330 2552 426 2614 trare,
455 2536 610 2623 verbique
641 2537 739 2600 divini
766 2537 886 2602 semina
908 2561 968 2624 pro
999 2551 1095 2622 captu
1121 2537 1318 2621 singulorum
1344 2537 1375 2599 in
1400 2558 1482 2619 agro
1528 2529 1529 2570 ³

330 2624 435 2689 cordis
451 2647 563 2688 eorum
578 2622 722 2688 cominus
742 2647 902 2709 spargere.
951 2625 1014 2689 Hic
1038 2624 1145 2714 itaque
1162 2637 1260 2687 tantae
1280 2624 1312 2686 in
1331 2623 1485 2687 commis·

330 2735 402 2777 sum
417 2710 477 2775 sibi
491 2734 623 2796 gregem
640 2711 860 2775 sollicitudinis
876 2713 924 2776 vir
939 2713 980 2776 ad
1000 2713 1152 2777 Sanctum
1169 2713 1353 2797 Deyrorum
1368 2733 1486 2794 regem
1528 2767 1529 2790 ,

332 2799 499 2864 Oswinum
515 2800 557 2863 ob
576 2799 739 2888 religionis
755 2799 824 2884 ejus
846 2799 1054 2884 fragrantiam
1070 2799 1177 2864 venire
1201 2799 1326 2883 saepiuS,
1345 2812 1377 2862 et
1393 2799 1487 2881 apud

330 2911 405 2951 eum
420 2909 561 2964 manere,
579 2887 764 2962 consuevit3
788 2887 956 2974 ipsumque
972 2887 1004 2950 in
1019 2886 1111 2951 bonis
1127 2887 1250 2951 actibus
1273 2907 1487 2970 perseverari·
1528 2953 1529 2982 1

329 2987 408 3052 tem,
426 2974 468 3038 ad
481 2973 616 3037 meliora
631 2986 664 3037 et
683 2973 888 3058 perfectionis
903 2974 1062 3039 ulterioris
1078 2996 1202 3039 summa
1224 2975 1381 3059 prolicere
1397 2995 1488 3036 sem·
1528 2993 1529 3052 l

303 3071 305 3078 “
330 3083 390 3146 per
416 3060 635 3136 commonuit;
663 3072 696 3124 et
720 3060 796 3146 quia
825 3084 883 3146 per
906 3062 1094 3148 martyrium
1120 3063 1162 3126 ad
1186 3061 1315 3124 caeleste
1342 3082 1486 3144 regnum
1528 3099 1529 3152 4

330 3149 520 3212 transiturus
533 3161 627 3224 esset,
644 3147 763 3232 Spiritu
780 3148 898 3213 Sancto
911 3151 1044 3214 edoctus
1056 3149 1263 3235 praedicebat.
1313 3147 1485 3232 Siquidem

329 3258 390 3300 rex
405 3235 492 3299 illum
509 3248 545 3298 ut
562 3235 665 3297 virum
680 3249 824 3300 sanctum
840 3237 1024 3322 suscipiens,
1038 3238 1135 3301 verba
1150 3236 1225 3299 vitae
1248 3235 1486 3320 praedicantem
1528 3303 1529 3312 ἦ

331 3322 502 3408 diligenter
514 3322 685 3398 audiebat3
701 3335 733 3387 et
743 3335 779 3386 ut
792 3324 996 3388 dilectissimo
1008 3325 1092 3408 patri
1107 3321 1157 3407 pie
1167 3323 1323 3400 subditus,
1338 3323 1379 3386 ad
1395 3321 1487 3384 illius
1528 3321 1529 3332 ’

317 3410 395 3496 ιοτίε
419 3409 588 3495 imperium
615 3411 713 3474 etiam
738 3410 819 3475 mala
845 3427 939 3501 gesta
965 3412 1144 3497 siquando
1170 3409 1484 3494 reprehendebatur,
1528 3411 1529 3420 ’

331 3497 493 3582 corrigere
509 3498 687 3586 satagebat.
736 3498 913 3584 Episcopus
930 3498 1005 3563 verb
1020 3498 1105 3582 regis
1121 3496 1301 3560 humilitate
1318 3509 1351 3560 et
1367 3495 1487 3560 obedi·
1528 3537 1529 3574 3

331 3584 418 3649 entia
441 3584 574 3647 nimium
601 3584 841 3663 delectabatur3
872 3601 905 3650 et
936 3609 1009 3650 cum
1034 3585 1090 3649 illo
1116 3607 1201 3669 saepe
1225 3585 1266 3648 de
1291 3596 1487 3667 contemptu
1528 3583 1529 3656 l

330 3671 453 3748 mundi,
469 3671 510 3735 de
526 3671 660 3736 caelestis
677 3671 752 3736 vitae
769 3674 950 3750 dulcedine,
968 3673 1009 3735 de
1025 3673 1127 3756 gloria
1146 3673 1347 3749 Sanctorum,
1364 3671 1489 3734 famili·
1528 3661 1529 3680 ¹

330 3761 430 3822 ariter
445 3759 729 3824 sermocinabatur.
778 3760 852 3824 Rex
868 3772 976 3823 autem
992 3759 1082 3822 verbi
1099 3759 1165 3822 Dei
1179 3781 1381 3845 nequaquam
1398 3758 1490 3821 obli·
1528 3839 1529 3842 Ἴ

328 3846 435 3911 viosus
451 3846 590 3925 auditor,
608 3847 666 3911 sed
688 3846 847 3910 studiosus
864 3860 1015 3930 operator
1033 3847 1177 3924 effectus,
1199 3847 1374 3910 secundum
1391 3847 1484 3945 quod
1528 3843 1529 3930 l

327 3933 348 3998 d
376 3935 463 3998 bono
493 3934 646 4018 magistro
675 3933 842 4010 didicerat,
874 3932 1017 3997 omnium
1046 3956 1155 3997 curam
1181 3935 1315 4018 paterna
1345 3943 1488 3997 caritate
1528 3941 1529 4014 l

327 4043 454 4106 gerens,
481 4043 638 4106 pauperes
669 4033 702 4084 et
732 4017 869 4082 maxime
900 4021 1085 4105 peregrinos
1115 4019 1253 4104 benigne
1284 4020 1463 4106 recipiebat
1477 4045 1488 4096 ;
1528 4033 1529 4110 J

226 4175 230 4185 ,
327 4109 504 4173 esurientes
528 4108 626 4184 aleus,
643 4106 746 4170 nudos
760 4107 907 4184 vestiens,
926 4121 958 4172 et
975 4109 1121 4173 omnibus
1137 4113 1204 4196 ejus
1226 4107 1385 4172 beneficia
1407 4129 1490 4191 pos-
1528 4137 1529 4204 p

327 4196 505 4261 tulantibus
531 4193 674 4258 hilariter
698 4188 896 4278 impendens.
944 4196 1108 4283 Factaque
1131 4210 1179 4260 est
1202 4195 1286 4259 inter
1309 4218 1364 4259 eos
1389 4206 1489 4260 tanta
1528 4217 1529 4272 1

325 4297 448 4347 mutuae
472 4282 612 4346 caritatis
636 4281 869 4360 confederatio,
887 4301 923 4346 ut
946 4283 1019 4348 Rex
1036 4297 1180 4347 sanctum
1196 4283 1366 4367 praesulem
1386 4286 1488 4369 quasi
1528 4305 1529 4360 3

327 4370 393 4435 Dei
410 4371 562 4454 angelum
576 4368 729 4432 haberet:
746 4370 879 4454 ejusque
895 4371 1022 4434 monitis
1039 4384 1191 4456 tauquam
1207 4369 1331 4433 caelitus
1346 4369 1490 4434 manda·
1528 4375 1529 4384 ’

325 4457 366 4522 tis
382 4458 630 4539 obtemperaret.
680 4455 832 4521 Pontifex
849 4481 926 4522 vero
952 4458 1077 4542 Regem
1099 4471 1254 4544 tanquam
1277 4457 1393 4520 animae
1410 4459 1490 4544 ejus

324 4542 505 4628 portionem
523 4542 693 4632 diligeret3
717 4556 749 4609 et
766 4568 862 4624 nunc,
881 4545 905 4609 si
922 4545 999 4633 quid
1022 4545 1056 4610 in
1072 4546 1167 4610 rebus
1184 4541 1292 4610 saeculi
1309 4560 1344 4608 ut
1360 4546 1491 4610 assolet
1528 4613 1529 4638 ,
