3132 5286
669 455 860 512 manuus
886 456 938 510 DE
965 455 1070 511 ORTU

759 873 857 937 aaa
877 873 975 960 [nr]

339 1095 429 1161 Nulli
452 1108 562 1161 tamen
584 1095 728 1159 fidelium
752 1095 815 1160 hoc
838 1097 987 1160 videatur
1001 1096 1071 1162 fore
1087 1093 1347 1171 tenemerarium,
1366 1099 1444 1175 [ito]

288 1188 412 1272 justum
428 1184 577 1249 videlicet
592 1183 692 1270 iniqui
707 1185 867 1248 exactoris
884 1185 1054 1249 subeundo
1070 1183 1226 1247 sustinere
1242 1182 1444 1267 supplicium,

296 1274 405 1338 Verax
431 1272 514 1337 euim
540 1272 745 1358 quandoque,
769 1273 846 1336 Deo
870 1272 1072 1357 disponente,
1097 1273 1193 1336 datur
1216 1271 1395 1348 fallacibus,
1413 1285 1447 1335 et

294 1361 382 1446 pium
399 1361 465 1424 sine
478 1360 582 1445 culpa,
597 1375 633 1424 ut
645 1374 810 1446 purgetur,
822 1361 1012 1447 plerumque
1028 1360 1142 1444 fatigat
1151 1359 1288 1446 iniquita.
1321 1359 1445 1444 Estque

295 1449 356 1512 hoc
374 1449 538 1533 justorum
560 1447 635 1512 satis
659 1448 825 1532 probabile
849 1451 1116 1534 experimentum,
1141 1449 1218 1511 dum
1239 1448 1375 1512 adversa
1390 1468 1445 1531 pa-

297 1536 419 1601 cienter
455 1535 630 1621 suscipiunt
655 1548 686 1599 ot
713 1535 879 1614 sustinent,
905 1549 1039 1624 propter
1060 1537 1250 1600 humilitatis
1272 1535 1446 1621 discipula-

294 1636 364 1688 tum
388 1638 420 1690 et
443 1624 505 1710 piae
529 1623 779 1689 conversationis
803 1627 999 1710 exemplum.
1049 1627 1152 1691 Beata
1174 1636 1222 1689 est
1244 1623 1343 1712 igitur
1360 1647 1445 1687 verae

295 1713 445 1798 puritatis
468 1713 664 1790 innocentia,
688 1737 761 1800 quae
781 1713 922 1798 inhujus
941 1714 1040 1798 Regis
1056 1714 1122 1777 filia
1137 1714 1275 1799 puritate
1292 1711 1445 1776 effulsisse

295 1801 509 1886 cognoscitur,
534 1825 606 1887 quae
622 1803 763 1866 formosa
778 1802 883 1887 specie
899 1802 981 1865 sicut
997 1816 1028 1867 et
1040 1825 1197 1887 generosa
1211 1800 1389 1865 dinoscitur
1404 1824 1446 1865 ex

293 1890 408 1954 nobilis
424 1892 582 1977 prosapiae
598 1890 765 1974 dignitate.
807 1891 916 1966 Quam
932 1891 1025 1953 multi
1037 1890 1066 1955 ei
1079 1889 1297 1955 veneracionis
1309 1888 1444 1974 gloriam

297 1978 506 2057 exhibebant,
532 1980 607 2064 quia
631 1978 803 2042 venustatis
827 1978 967 2063 speciem
983 1991 1015 2043 et
1030 1980 1093 2064 piae
1108 1979 1225 2043 indolis
1237 1979 1445 2065 juventutem
1550 2003 1551 2016 ἢ

294 2066 328 2131 in
352 2066 437 2132 illius
463 2066 568 2131 forma
593 2067 818 2154 pulcritudinis
844 2068 1006 2152 refulgere
1031 2067 1198 2132 videbant.
1244 2068 1298 2145 Et,
1326 2079 1444 2144 tamen,
1550 2077 1551 2088 ¹

296 2168 419 2242 quanto
449 2155 639 2240 quibusdam
667 2169 736 2220 erat
766 2157 808 2219 ad
835 2156 1013 2220 dilectionis
1038 2157 1184 2241 gratiam,
1209 2167 1301 2220 tanto
1331 2155 1446 2220 emulis
1550 2161 1551 2166 ’

294 2245 408 2309 claruit
423 2247 463 2309 ad
479 2244 710 2330 persecutionis
728 2244 891 2313 offensam.
935 2245 1034 2309 Unde
1050 2245 1140 2333 virgo
1161 2267 1331 2328 generosa,
1344 2243 1446 2329 impio

290 2334 426 2419 jubente
450 2356 537 2418 rege,
563 2333 595 2395 in
612 2333 799 2396 servitutem
815 2332 981 2417 redigitur.
1033 2333 1290 2397 Generositatem
1306 2355 1447 2418 namque

293 2421 377 2484 illius
394 2422 601 2484 convertebat
617 2423 650 2483 in
666 2421 862 2498 servitutem,
880 2421 1130 2506 pulcritudinem
1146 2420 1187 2484 ad
1203 2420 1340 2486 saeviciae
1353 2444 1446 2485 occa·
1550 2435 1551 2440 ’

295 2509 426 2585 sionem,
443 2509 624 2572 libertatem
639 2508 765 2591 generis
781 2510 822 2572 ad
838 2509 1117 2573 subsannationem
1133 2522 1165 2574 et
1181 2509 1222 2572 ad
1236 2509 1446 2596 opprobrium
1550 2497 1551 2558 i

221 2600 223 2608 '
296 2596 438 2660 vilitatis,
486 2596 615 2684 Regina
637 2619 774 2683 namque
799 2596 894 2682 ipsius
917 2597 1107 2661 famulatum
1131 2597 1229 2682 peciit
1252 2612 1284 2662 et
1300 2597 1446 2682 accepit3

297 2686 352 2749 sed
377 2685 564 2772 obsequium
580 2684 746 2770 dignitatis
763 2685 950 2749 omnimodo
967 2686 1124 2750 convertit
1139 2686 1180 2750 ad
1204 2686 1446 2772 oppressionem

297 2774 423 2838 miserae
446 2774 618 2838 servitutis.
669 2772 832 2860 Quicquid
848 2776 932 2838 enim
949 2797 1008 2860 pro
1024 2774 1202 2861 erepcionis
1218 2775 1447 2839 consolacione

295 2864 415 2928 babere
441 2864 553 2927 debuit
576 2877 679 2926 totum
704 2863 854 2946 puellulae
877 2863 1080 2946 dispendium
1104 2864 1318 2948 pervertendo
1334 2863 1448 2947 regina

296 2952 515 3015 commutavit.
563 2952 607 3014 Et
630 2962 736 3014 tamen
760 2951 840 3027 haec,
865 2973 902 3014 ac
926 2950 1112 3028 consimilia,
1131 2975 1204 3014 cum
1220 2963 1337 3037 pacata
1353 2951 1448 3015 susti-

296 3041 366 3104 nuit
374 3039 471 3103 animi
484 3038 659 3124 paciencia,
672 3039 739 3100 sine
753 3038 839 3100 omni
850 3040 1017 3101 murmuris
1030 3039 1159 3124 querela
1169 3039 1220 3102 vel
1232 3039 1448 3104 desolacionis

296 3129 453 3228 angustia.
500 3127 539 3190 ln
561 3125 727 3210 paciencia
750 3125 878 3210 quidem
895 3129 1033 3189 animam
1049 3149 1138 3190 suam
1154 3127 1304 3212 possedit,
1323 3141 1355 3192 et
1370 3151 1449 3194 con-

295 3216 383 3280 victis
406 3215 533 3291 afflicta,
559 3215 608 3278 vel
624 3212 813 3298 obprobriis,
831 3214 938 3277 omnia
955 3214 1164 3301 equanimiter
1181 3229 1212 3280 et
1237 3239 1310 3279 cum
1326 3217 1449 3300 gaudio

297 3304 380 3372 tulit.
429 3301 539 3368 Nichil
566 3302 694 3389 quidem
723 3315 772 3366 est
799 3303 914 3366 animae
938 3304 1096 3367 laboranti
1120 3304 1245 3368 suavius
1269 3305 1447 3390 paciencia,

297 3394 372 3480 quia
398 3415 492 3456 omne
518 3392 605 3478 quod
633 3391 765 3455 sustinet
788 3391 818 3454 ei
833 3392 959 3455 redolet
976 3414 1017 3457 ex
1033 3392 1159 3456 virtutis
1175 3393 1397 3457 moderamine
1415 3410 1449 3458 et

296 3481 476 3568 prudentia.
540 3481 638 3544 Unde
675 3479 745 3542 haec
770 3480 955 3563 juvencula,
987 3503 1059 3544 cum
1090 3495 1160 3544 estu
1192 3481 1242 3545 vel
1273 3481 1447 3570 frigoribus

296 3571 412 3656 saepius
430 3581 586 3646 ureretur,
602 3582 705 3631 totum
721 3567 827 3652 gratia
841 3569 1054 3633 moderatrice
1070 3569 1233 3645 sustinuit;
1251 3570 1335 3632 utin
1353 3571 1447 3635 dolo·

296 3661 384 3723 ribus
408 3657 533 3720 erudita
555 3679 574 3720 a
598 3656 740 3719 Domino
764 3655 950 3722 familiarius
966 3657 1042 3741 eligi
1059 3671 1244 3722 mereretur.
1294 3657 1380 3721 Nam
1398 3674 1447 3724 tot

296 3745 404 3833 flagris
428 3745 477 3808 vel
501 3743 634 3808 miseriis
656 3745 804 3807 lacessita
827 3767 990 3832 nunqnam
1014 3759 1123 3810 tamen
1146 3745 1306 3832 apristini
1322 3746 1447 3811 decoris

298 3847 384 3898 statu
399 3833 447 3898 vel
464 3831 681 3918 pulcritudine
696 3847 747 3897 est
763 3832 937 3920 aliquando
952 3836 1129 3900 immutata.¹

769 4122 869 4188 our.
890 4121 986 4210 [rx]

342 4351 448 4436 Igitur
463 4348 700 4435 pulchritudine
717 4350 784 4428 ejus
800 4359 834 4410 et
848 4344 953 4430 specie
973 4345 1218 4432 quamplurima,
1236 4347 1309 4412 Rex
1322 4349 1447 4414 illectus
1550 4317 1551 4402 l

299 4439 460 4527 cupidine,
475 4438 557 4503 illius
572 4438 789 4501 inflammatur
803 4434 973 4500 dulcedine
989 4448 1023 4498 et
1034 4457 1152 4504 amore.
1195 4435 1280 4500 Nam
1293 4439 1449 4526 quicquid

295 4551 356 4616 pro
377 4527 502 4596 virtutis
524 4525 628 4612 gratia
649 4525 683 4589 in
705 4524 762 4589 illa
782 4522 938 4589 radiando
960 4522 1069 4590 lucere
1091 4523 1257 4611 conspicit,
1282 4537 1389 4593 totum
1404 4529 1448 4592 ad
