3094 5292
501 459 612 508 ιιοιι
639 456 861 510 ιιιιιοιιιιιιι.
1229 445 1283 525 ’7,Δ

101 611 180 688 suus
196 622 283 687 Oswi
302 618 533 698 Berniciorum,
551 619 680 686 invidiae
695 619 748 684 de
752 619 817 684 suis
830 620 1035 684 successibus
1038 619 1191 690 fonritens
1199 622 1258 686 mi-

103 709 263 778 nistravit.
310 707 425 772 Doluit
452 729 589 794 namque
617 707 704 772 Oswi
726 727 872 792 regnum,
919 707 984 772 uod
1006 707 1159 772 frater
1130 730 1199 791 eJus
1215 731 1257 774 ex

103 796 232 880 integro
253 795 451 894 possederat,
468 817 527 895 per
554 795 692 858 Beatum
711 793 875 859 Oswinum
896 731 1035 859 divisum
1056 794 1216 874 fuisses
1238 822 1259 862 a

101 883 235 948 ditionis
259 905 326 982 suae
354 881 509 959 terminia,
538 881 723 967 Deyrorum
752 903 886 966 regnum
912 895 1146 980 sequestratum
1176 906 1257 948 esse.

109 971 243 1034 Sanctus
259 969 345 1034 enirn
359 989 420 1034 rex
438 969 618 1048 Oswaldus,
631 991 716 1032 caeso
734 968 907 1047 coedwcla,
928 968 1149 1034 Berniciorum
1166 969 1258 1057 Dey·

102 1076 276 1144 corumque
300 1056 447 1121 canones
471 1069 504 1122 et
526 1055 653 1141 populis
677 1068 711 1120 et
733 1054 875 1118 moribus
899 1055 1111 1134 distinctas,
1102 1078 1145 1120 ιιι
1161 1075 1257 1122 unam

103 1167 283 1208 convocans
314 1143 576 1243 dominationem,
600 1143 642 1206 de
672 1142 799 1207 duobus
828 1165 929 1206 unum
958 1142 1081 1208 fecerat
1109 1165 1255 1228 regnum.

105 1229 214 1305 Quam
230 1233 273 1296 ob
288 1253 424 1294 causam
440 1229 554 1296 Oswi'
547 1253 579 1293 m
594 1251 661 1294 suae
677 1229 946 1296 exhaeredationis
960 1230 1190 1294 contumeliam
1205 1253 1257 1295 re-

103 1319 248 1382 dundare
263 1317 418 1382 credebat
434 1315 544 1382 Sancti
559 1316 660 1404 Regis
673 1315 820 1381 Oswini
812 1316 991 1400 imperium,
1005 1316 1093 1403 quod
1108 1340 1257 1402 suscepe-

99 1418 170 1505 rat,
182 1404 330 1504 equidem
349 1427 413 1468 non
403 1405 519 1504 quasi
534 1425 697 1468 successor
716 1403 826 1468 Sancti
846 1403 1001 1480 Oswaldi,
1017 1404 1075 1468 sed
1093 1404 1256 1488 patrissui

102 1491 188 1579 regis
216 1491 331 1568 Osrici,
358 1491 423 1578 qui,
448 1504 485 1556 ut
508 1491 629 1556 dictum
654 1507 714 1568 est,
736 1489 978 1556 haereditario
964 1513 1040 1576 jure
1069 1491 1144 1576 Dey
1145 1513 1255 1556 rorum

100 1600 203 1678 regno
226 1590 374 1678 praerat,
391 1578 449 1642 sed
470 1577 639 1662 apostasiae
660 1577 761 1678 culpis
776 1577 991 1662 exigentibus,
1007 1599 1110 1661 regno
1123 1515 1254 1678 litaque

102 1666 226 1749 pariter
249 1665 392 1750 privatus
415 1665 533 1730 fuerat.
588 1665 687 1729 Haec
714 1667 834 1750 itaque
850 1686 947 1728 causa-
971 1664 1100 1728 invidiae
1124 1665 1256 1751 odiique

101 1751 293 1836 principium
310 1751 401 1830 fovit,
418 1751 483 1816 sed
490 1751 559 1816 aliis
570 1774 614 1816 ex
628 1751 731 1816 causis
746 1751 891 1814 cumulus
907 1772 972 1815 non
988 1751 1132 1815 modicus
1148 1775 1256 1818 accre-

100 1838 160 1902 vit.
208 1839 364 1924 Maloque
383 1837 567 1924 cupiditatis
586 1861 653 1902 suae
670 1840 739 1923 jam
755 1837 859 1902 dictus
883 1851 1035 1924 tyrannus
1054 1837 1141 1903 Oswi
1164 1839 1255 1903 satis-

96 1925 230 2002 l‘aoiens,
247 1925 371 1990 callidis
395 1925 694 2001 machinationibus,
715 1925 837 1990 Sancto
861 1925 946 2009 Regi
970 1925 1101 1992 Oswino
1125 1925 1254 1990 insidias

97 2013 277 2088 tendebat,¹
301 2027 337 2076 ut
352 2013 429 2077 dolo
444 2013 496 2078 vel
510 2012 741 2112 quoquomodo
761 2024 887 2076 tentum
902 2010 998 2076 morti
1014 2013 1167 2090 traderet,
1156 2035 1255 2112 oreg-

98 2098 198 2184 nique
221 2100 270 2162 sui
293 2099 411 2164 damna
431 2099 611 2164 resarciret.
660 2100 796 2162 Sanctus
820 2121 897 2162 vero
924 2099 1082 2175 Oswinus,
1110 2100 1186 2185 quia
1211 2101 1253 2164 ab

92 2185 248 2250 omnibus
275 2187 454 2262 amabatur,
487 2196 523 2249 nt
550 2197 620 2248 erat
646 2185 791 2249 amabilis
818 2185 921 2262 valde,
952 2184 1134 2249 insidiantis
1161 2186 1252 2249 dolos

94 2273 327 2357 praecavebat3
351 2271 526 2370 aliquando
541 2272 713 2371 cogitatus·
723 2271 880 2354 malignos
896 2271 1095 2370 recogitandi
1112 2269 1260 2357 solertia,

91 2359 272 2458 aliquando
288 2381 330 2422 ex
345 2357 546 2423 consciorum
561 2356 713 2422 consilii
701 2356 802 2442 ¹ipsius
822 2356 909 2422 Oswi
928 2357 1160 2458 praemuru'ente
1179 2382 1253 2444 gra-

94 2445 155 2510 tia.
184 2445 383 2532 Factumque
398 2457 447 2510 est
463 2458 499 2510 ut
513 2467 649 2529 regnum
681 2445 747 2508 uod
758 2457 882 2528 septem
899 2443 1031 2508 annisin
1047 2468 1253 2546 successuum

97 2532 202 2632 gloria
224 2549 297 2596 culn
320 2533 443 2596 summa
465 2555 549 2618 pace
567 2468 764 2616 possederat,
781 2532 907 2596 duobus
930 2531 1138 2619 sequentihus
1160 2533 1251 2598 annis

95 2620 202 2684 minus
218 2619 325 2719 quieti
350 2632 487 2684 teneret
536 2618 732 2684 Reverentia
755 2632 863 2684 tamen
882 2619 1008 2704 Aydani
1024 2620 1181 2720 episcopi,
1195 2621 1251 2707 qui

96 2729 211 2791 pacem
226 2707 312 2770 inter
327 2729 420 2805 reges
433 2707 603 2772 conciliare
618 2707 796 2790 satagebat,
814 2705 967 2770 malitiam
982 2708 1074 2790 regis
1085 2703 1251 2772 Bernicio·

94 2816 170 2856 rum
194 2813 260 2878 per
278 2793 479 2892 septennium
497 2792 663 2878 repressit,
680 2793 739 2858 sed
760 2793 849 2856 nullo
872 2814 952 2856 sacra
944 2791 1058 2856 verbi
1080 2795 1193 2878 ymbre
1208 2790 1257 2858 ad

96 2881 231 2964 plenum
260 2879 451 2964 extinguere
480 2880 597 2973 potuit.
647 2879 746 2954 Quod
774 2878 905 2964 quidem
939 2879 1090 2942 Sanctum
1126 2879 1252 2966 Regem

95 2967 267 3032 Oswinum
291 2989 354 3030 ιιοιι
377 2966 483 3044 latuit,
504 2980 542 3030 et
560 2967 643 3030 ideo
665 2987 829 3065 nunquam
847 2965 935 3050 paci,
957 2988 1055 3052 quam
1076 2988 1135 3030 rex
1162 2965 1250 3032 Oswi

92 3053 269 3130 similabat,
286 3052 484 3118 accredidit
533 3052 686 3117 Videas
661 3067 787 3153 utaque
808 3073 872 3116 rex
895 3053 993 3131 Oswi,
1011 3053 1100 3155 quod
1120 3053 1251 3120 simula·

96 3140 187 3204 tione
202 3142 260 3204 sua
267 3161 497 3205 circumvenire
505 3162 569 3204 nou
578 3140 685 3225 potuit
698 3139 808 3204 Sancti
828 3139 925 3224 Regis
941 3140 1062 3205 Oswmi
1074 3140 1248 3240 solertiam,

92 3227 247 3327 indoluit,
263 3241 297 3292 et
320 3227 387 3291 odii
401 3250 560 3292 venenum
575 3250 641 3314 quo
657 3229 796 3291 latenter
814 3249 931 3292 nocere
950 3228 1113 3292 innocenti
1133 3251 1250 3314 propo-

83 3314 161 3380 'suit
171 3314 228 3378 sed
238 3337 303 3378 non
315 3315 430 3398 potuit,
443 3337 593 3390 evomere
603 3313 772 3398 disposuit.
802 3314 909 3380 Cum
900 3314 1003 3414 tgitur
1014 3315 1183 3380 draconis
1175 3316 1251 3379 msi-

90 3401 168 3466 dias
193 3401 290 3464 nichil
313 3401 374 3465 sibi
396 3402 548 3486 prodesse
575 3401 743 3486 persensit,
769 3401 873 3464 leonis
900 3401 1057 3484 rugientis
1086 3402 1250 3466 feritatem

93 3487 222 3564 induit,
247 3502 281 3552 et
293 3488 432 3552 collecta
445 3488 671 3587 undecumque
693 3487 798 3572 potuit
821 3486 945 3550 infinita
959 3487 1152 3587 bellatorum
1167 3489 1250 3553 mul·

96 3574 248 3651 titudine,
267 3575 372 3639 Beato
387 3573 471 3661 neg·
464 3597 475 3637 ι
493 3573 646 3639 Oswino
639 3597 670 3636 ιιι
680 3595 776 3638 manu
792 3573 882 3638 sorti
879 3595 1064 3654 occurrere,
1078 3573 1250 3663 ipsumque

92 3661 280 3747 nephanda
284 3683 362 3726 nece
378 3599 536 3745 perigmere
552 3661 724 3726 anhelavit.

143 3748 345 3812 Praeclarus
336 3762 445 3835 ltaque
462 3749 602 3835 Deoque
617 3762 767 3848 acceptus
783 3748 856 3814 Rex
871 3749 958 3814 Osa
942 3772 1032 3826 mus,
1047 3751 1148 3815 sciens
1160 3751 1252 3838 quod

93 3835 163 3899 vim
179 3855 210 3898 vr
200 3835 393 3920 repellere,
411 3859 520 3901 omnes
535 3836 622 3936 leges
637 3836 809 3922 omniaque
820 3839 895 3936 jura
905 3837 1103 3921 permittant,
1117 3837 1263 3904 suorum¹

90 3922 302 3988 circundatus
321 3923 400 4000 acie,
421 3923 494 3988 loco
510 3923 564 4010 qui
585 3923 814 3988 Wilfaresdun*
830 3923 1003 4002 dicitur,
976 3947 1005 3988 er
1021 3923 1132 4008 obvius
1149 3925 1250 3990 venit.

98 4009 324 4074 Sanctissimns
345 4023 454 4074 autent
476 4010 552 4076 Rex
576 4010 735 4086 oswinus,
753 4010 862 4073 videns
881 4034 955 4075 suos
970 4033 1043 4074 curn
1058 4009 1248 4076 adversariis

89 4097 289 4162 unanimiter
303 4097 447 4162 volentes
463 4119 527 4160 non
543 4095 647 4160 solum
662 4097 869 4196 contendere,
886 4097 1106 4162 verumetiam
1118 4121 1178 4182 pro
1189 4121 1252 4172 suo,

91 4203 173 4270 rege
190 4199 317 4269 paratos
329 4185 531 4262 occumbere,
545 4183 696 4248 volvens
689 4207 721 4247 ιιι
730 4184 838 4248 auimo
849 4183 1040 4249 discriminis
1051 4185 1249 4250 horrendum

89 4270 228 4350 facinus,
250 4294 349 4358 seque
367 4271 471 4336 solum
488 4269 652 4336 homicidii
667 4271 831 4336 hincinde
846 4272 962 4356 passim
977 4270 1222 4338 committendi
1214 4297 1248 4338 ιιι

233 4446 306 4498 'See
318 4447 363 4500 the
375 4446 445 4500 brief
454 4446 650 4516 topographical
661 4449 746 4498 notice
759 4447 893 4514 appended
905 4455 932 4526 to
944 4448 989 4500 the
1001 4447 1109 4514 pressea.
