3094 5292
281 476 335 540 50
727 495 818 543 vrri
847 491 986 544 osu'rur

283 674 371 731 ecce,
389 652 497 718 videte
513 651 568 718 ubi
583 654 732 719 dominus
747 679 836 720 meus
853 655 989 720 Sanctus
1005 651 1155 719 Oswinus
1171 650 1326 715 inceditl’
1374 650 1440 714 Ea·

284 738 422 826 demque
446 742 544 806 verba
565 755 726 825 repetens,
747 743 906 818 surrexit3
930 742 972 806 ad
993 739 1186 804 monachum
1210 737 1265 825 qui
1288 751 1438 802 sanctum

283 827 474 892 observabat
498 829 701 913 sepulchrum
725 831 868 908 accessit,
886 851 1024 915 eumque
1039 827 1165 892 sinistra
1180 847 1276 890 manu
1292 847 1351 909 per
1367 848 1439 889 ves-

283 912 419 978 timenta
441 928 566 992 tenens,
595 918 728 980 extensa
750 941 847 982 manu
870 917 1016 992 dextera,
1044 914 1148 998 digito
1171 912 1216 977 illi
1244 911 1439 976 ostendebat

284 999 415 1073 diceusz
441 1012 463 1043 ‘⁶
479 1002 630 1080 Domine,
647 1004 722 1068 vide
739 1006 793 1069 ubi
816 1005 884 1069 abit
900 1002 1047 1067 dominus
1063 1023 1152 1066 meus
1176 1001 1311 1064 Sanctus
1334 999 1439 1063 Oswi·
1543 1047 1545 1060 .

282 1110 355 1152 nus.
404 1089 478 1174 Ipse
501 1091 599 1154 modo
622 1103 697 1155 ante
720 1114 772 1156 me
795 1091 949 1168 substitit,
974 1089 1117 1175 mihique
1140 1087 1286 1152 auditum
1309 1086 1441 1150 dextrae
1544 1101 1545 1106 ’

285 1174 436 1239 auriculae
452 1178 509 1240 sua
531 1177 634 1262 gratia
649 1179 821 1244 restituit.'’
870 1177 1048 1241 Audientes
1063 1177 1135 1238 haee
1154 1175 1209 1262 qui
1228 1175 1388 1250 astabant,
1405 1186 1439 1237 et

283 1261 337 1348 qui
353 1287 427 1327 eum
443 1265 573 1328 surdum
596 1264 695 1328 luisse
711 1267 886 1330 certissime
902 1275 1071 1340 noverant,
1090 1263 1281 1327 accedentes
1304 1260 1440 1345 propius

282 1349 524 1438 interrogabant
541 1374 615 1415 eum
635 1352 677 1416 de
696 1354 816 1430 multis,
835 1353 876 1416 ad
899 1374 973 1438 quoe
989 1350 1098 1415 omnia
1113 1350 1167 1414 ille
1183 1347 1347 1414 sanissime
1370 1370 1442 1412 res-

282 1437 408 1521 pondit,
425 1437 609 1525 pariterque
626 1461 698 1502 cum
715 1440 761 1505 eis
777 1440 819 1505 ad
834 1438 964 1524 propria
978 1438 1084 1505 rediit.

416 1698 516 1764 GAP.
535 1699 607 1761 XX
606 1699 643 1761 X
644 1701 837 1766 Vlla-De
847 1701 1041 1784 paupercula
1056 1701 1183 1763 malim
1197 1699 1304 1762 surdd.

331 1870 397 1934 Sed
413 1883 446 1934 ct
461 1870 576 1935 mulier
590 1873 739 1959 quaedam
755 1873 951 1958 paupercula
965 1871 1008 1936 de
1024 1870 1186 1949 Boldune,
1203 1893 1276 1956 quae
1291 1870 1311 1933 a
1325 1869 1440 1934 multis

280 1957 455 2042 praeteritis
477 1958 567 2022 annis
590 1973 762 2048 utrumque
785 1961 931 2025 auditum
958 1962 1107 2024 amiserat
1129 1957 1264 2035 aurium,
1289 1958 1332 2022 ad
1353 1957 1440 2021 haue

282 2044 518 2110 solemnitatem
533 2069 607 2110 cnm
622 2051 759 2124 caeteriS,
777 2048 831 2134 qui
847 2048 942 2113 causa
957 2047 1094 2111 medelae
1109 2056 1325 2122 occurrerant,
1338 2044 1439 2108 adve-

280 2133 339 2195 nit.
388 2133 471 2197 Cum
484 2133 593 2232 itaque
610 2134 770 2200 indefesse
786 2135 839 2199 die
854 2157 891 2200 ac
907 2147 1003 2198 nocte
1020 2133 1085 2198 Dei
1100 2147 1135 2198 et
1154 2131 1264 2197 Sancti
1281 2131 1439 2217 Martyris

280 2218 467 2303 imploraret
479 2221 645 2299 auxilium,
657 2246 758 2310 usque
770 2223 813 2287 ad
824 2224 996 2308 septimum
1008 2220 1094 2284 diem
1107 2222 1140 2282 in
1152 2219 1265 2284 eddam
1278 2219 1438 2283 surditate

279 2307 463 2391 permansit.
513 2308 579 2372 Sed
590 2309 756 2393 patientiae
768 2310 865 2395 ipsius
880 2309 990 2373 volens
1004 2307 1094 2372 Deus
1107 2306 1259 2370 adhibere
1271 2305 1435 2383 solatium,

280 2394 525 2477 superveniente
550 2397 664 2459 octava
686 2396 739 2461 die
766 2395 987 2471 solemnitatis,
1016 2418 1089 2459 cum
1116 2406 1212 2458 nocte
1236 2393 1437 2478 praecedenti

280 2480 467 2564 gravissimo
483 2503 596 2545 somno
620 2483 771 2567 depressa
786 2483 952 2560 dormiret,
970 2493 1077 2546 custos
1100 2480 1285 2544 monasterii
1307 2480 1437 2564 signum

281 2567 323 2630 ad
339 2565 528 2631 excitandos
552 2568 667 2633 fratres
690 2570 817 2654 pulsare
833 2569 941 2654 coepit.
990 2568 1042 2632 Ad
1058 2571 1146 2655 cujus
1162 2590 1275 2632 sonum
1291 2566 1438 2632 excitata

279 2654 393 2717 mulier
408 2654 505 2738 coepit
518 2654 624 2719 mirari
636 2658 725 2743 quod
740 2657 886 2721 auditum
900 2669 1131 2741 recuperasset,
1146 2668 1325 2742 putansque
1338 2657 1436 2719 unius

279 2754 405 2806 tantum
424 2742 575 2805 auriculae
595 2766 629 2807 se
653 2743 832 2829 percepisse
852 2744 1008 2822 auditum,
1031 2741 1203 2806 obstrinxit
1219 2741 1323 2830 digito
1343 2742 1439 2804 sinis-

279 2839 372 2905 tram,
390 2842 423 2892 et
439 2851 482 2892 ex
497 2829 632 2894 dextera
646 2831 730 2896 clare
745 2831 877 2896 audivit.
926 2831 1170 2915 Obstrueusque
1184 2827 1291 2913 digito
1301 2829 1437 2892 alterius

278 2915 390 2980 mamis
405 2916 579 2980 auriculam
590 2917 770 2996 dexteram,
784 2941 849 2983 non
865 2917 968 2981 minus
984 2918 1068 2982 clare
1080 2940 1114 2980 se
1130 2916 1171 2980 de
1181 2916 1307 2979 sinistra
1321 2915 1438 2980 audire

278 3001 388 3086 gavisa
402 3016 461 3066 est.
512 3003 723 3092 Sentiensque
739 3029 773 3070 se
789 3007 955 3092 utriusque
971 3004 1124 3069 auriculae
1146 3003 1327 3088 percepisse
1343 3002 1437 3067 audi-

278 3102 359 3166 tum,
384 3111 443 3173 pro
458 3089 576 3154 collato
593 3090 652 3155 sibi
675 3093 832 3158 beneficio
850 3093 924 3158 Deo
944 3093 1128 3178 Sanctoque
1153 3089 1291 3176 Martyri
1312 3089 1437 3177 gratias

278 3175 346 3260 egit
356 3199 365 3251 ;
390 3175 487 3263 idque
506 3175 539 3239 in
555 3178 694 3242 crastino
708 3179 859 3244 fratribus
875 3194 909 3244 et
932 3179 1052 3263 populo
1071 3178 1126 3265 qui
1149 3176 1272 3254 aderat,
1288 3176 1438 3265 gaudens

278 3262 448 3342 intimavit,
466 3275 562 3350 atque
574 3287 647 3328 cum
662 3266 760 3331 nimia
775 3265 975 3332 exultatione
992 3265 1034 3330 ad
1048 3264 1179 3350 propria
1192 3263 1301 3329 rediit.

544 3529 642 3594 cAP.
660 3529 925 3594 XXXIX-De
940 3532 1063 3594 mrdiere
1077 3530 1170 3593 coecd.

324 3700 364 3763 ln
381 3697 455 3762 villa
470 3699 512 3764 de
531 3700 739 3765 Edenesburc
755 3715 826 3766 erat
841 3701 956 3765 mulier
971 3702 1130 3788 quaedam,
1148 3721 1222 3786 quae
1237 3699 1353 3765 marito
1363 3703 1436 3788 jam

277 3786 441 3864 defuncto,
459 3787 527 3851 sola
542 3811 616 3852 cum
630 3789 725 3851 unica
739 3802 934 3854 remanserat
950 3787 1026 3852 filia.
1074 3788 1152 3851 Erat
1168 3799 1277 3851 autem
1289 3811 1355 3852 non
1364 3811 1436 3853 me-

277 3873 393 3937 diocris
409 3874 609 3951 substantiae,
619 3875 686 3938 'sed
708 3875 815 3939 omnia
831 3874 874 3938 illi
897 3875 985 3938 bona
1000 3873 1098 3938 etiam
1116 3875 1433 3958 superabundabant.

281 3961 379 4026 Unde
396 3961 525 4048 quidam
537 3963 673 4045 juvenes
689 3983 753 4024 non
769 3961 926 4060 ignobiles
942 3960 1041 4026 filiam
1057 3962 1126 4046 ejus
1142 3961 1176 4024 in
1190 3961 1436 4027 matrimonium

276 4050 443 4132 petebant,
456 4061 520 4110 tam
537 4067 596 4129 pro
605 4047 842 4130 pulchritudine
858 4048 956 4133 ipsius
967 4051 1063 4148 quam
1076 4071 1132 4132 spe
1148 4047 1294 4132 pecuniae
1309 4050 1434 4114 matris.

280 4136 346 4200 Sed
361 4157 434 4198 cum
449 4133 511 4196 hoc
527 4133 711 4197 differretur
724 4136 904 4220 negocium,
922 4136 1029 4200 subito
1043 4148 1148 4199 mater
1162 4135 1329 4221 utriusque
1345 4137 1435 4201 oculi

273 4221 384 4285 lumen
400 4218 515 4284 amisit.
565 4218 653 4293 Quid
669 4221 767 4310 igitur
780 4236 856 4310 agat
872 4224 1012 4308 ignorat.
1053 4223 1201 4286 Advocat
1218 4222 1350 4286 tandem
1364 4246 1436 4287 me-

274 4308 377 4384 dicos,
395 4319 429 4371 et
452 4306 620 4390 pecuniam
637 4310 767 4395 quamsi
789 4310 899 4374 multis
921 4321 1177 4396 congregaverat
1193 4309 1295 4386 annis,
1320 4311 1435 4394 paucis

274 4395 388 4458 diebus
410 4393 557 4480 pecuuioe
579 4417 661 4480 pene
681 4410 784 4461 totam
807 4397 841 4461 in
864 4396 1006 4460 medicos
1023 4407 1148 4478 erogat,
1167 4395 1225 4460 sed
1248 4395 1345 4459 nichil
1369 4398 1436 4462 sibi

274 4479 410 4567 proficit.
459 4482 607 4569 Cumque
624 4483 723 4548 tribus
740 4484 832 4548 annis
849 4496 882 4548 et
898 4481 1036 4566 amplius
1050 4503 1134 4568 pene
1150 4494 1257 4548 totum
1270 4483 1359 4569 quod
1373 4484 1436 4548 ha-
