3132 5286
513 394 653 449 SANCTI
679 394 916 449 CU'I'HBERTI.

136 858 260 939 [CAP.
282 855 354 919 XX
356 857 384 920 V
384 857 449 936 IL]
498 858 604 935 Quare
624 861 851 1010 trgulipgestnou
871 862 992 921 irrtroru
1014 863 1171 924 ecclesiam
1195 862 1290 925 Beati

661 956 696 1009 ut
733 969 767 1010 cr
779 951 801 1010 i.

182 1168 311 1232 Interea
326 1166 461 1252 contigit
475 1166 563 1250 quod
579 1166 646 1230 filia
672 1167 771 1250 Regis
798 1167 972 1253 provinciae
998 1169 1095 1248 illius,
1127 1175 1160 1236 in
1191 1177 1288 1242 domo

137 1258 239 1341 patris
255 1254 436 1318 adulterata
446 1254 486 1316 ab
496 1255 604 1339 aliquo
609 1255 739 1337 juvene,
753 1257 948 1340 conciperet,
964 1272 1135 1344 uterusque
1147 1263 1216 1346 ejus
1228 1266 1287 1326 im-

138 1341 555 1429 pregandointumesceret.
603 1342 703 1418 Quod
720 1364 787 1419 rex,
806 1357 840 1406 ut
863 1343 1029 1428 comperit,
1059 1362 1091 1409 et
1121 1350 1288 1416 sollicitius

137 1429 284 1494 facinoris
300 1443 463 1492 auctorem
480 1429 678 1515 perquisivit,
690 1444 722 1492 et
733 1429 917 1517 diligentius
934 1431 1139 1515 investigans,
1157 1437 1231 1501 talia
1247 1437 1287 1504 ab

137 1519 193 1582 illa
209 1519 366 1602 percepit.
412 1516 546 1581 Juveuis
563 1517 616 1580 ille
633 1515 802 1594 solitarius,
819 1521 875 1603 qui
896 1518 929 1581 in
955 1517 1061 1583 vicino
1078 1520 1210 1602 habitat,
1236 1551 1288 1591 me

136 1604 303 1692 oppressit,
322 1618 354 1667 et
378 1628 435 1669 sua
465 1605 667 1690 speciositate
697 1606 860 1668 seductam
888 1607 1023 1690 decepit.
1076 1607 1170 1672 Tunc
1202 1614 1285 1692 Rex,

136 1693 360 1780 indignatione
374 1692 471 1755 nimia
486 1693 689 1769 furibundus,
707 1693 846 1776 plurimo
862 1697 1063 1777 constipatus
1080 1701 1286 1849 mentedlita}

137 1803 203 1846 una
219 1804 292 1844 cnm
306 1780 371 1843 filia
381 1793 533 1864 corrupta
546 1781 587 1844 ad
598 1780 807 1844 solitudinum
819 1781 890 1845 loca
901 1783 1052 1864 perrexit,
1067 1797 1098 1846 et
1111 1783 1183 1850 itaa
1222 1811 1288 1852 ser·

138 1887 215 1932 vum
232 1867 297 1933 Dei
308 1890 441 1931 exorsus
454 1867 546 1935 dixit.
596 1867 721 1931 “Tune
738 1892 782 1945 es,
796 1871 852 1953 qni
865 1869 923 1932 sub
937 1870 1042 1954 specie
1059 1871 1207 1959 religiosa
1225 1876 1287 1940 Dei

138 1955 262 2040 templa
284 1954 517 2040 prophanaudo
539 1956 655 2041 polluis
679 1971 712 2020 et
737 1955 943 2020 sanctuaria?
991 1955 1043 2020 Tu
1067 1959 1126 2022 sub
1150 1979 1288 2027 scemate

140 2043 273 2109 solitarii
290 2065 416 2107 omnem
444 2043 630 2128 spurcitiam
655 2067 783 2107 exerces
808 2045 913 2108 cultus
929 2043 1087 2109 immundi
1103 2061 1134 2110 et
1150 2048 1289 2115 incesti?

144 2131 232 2196 Ecce
251 2129 303 2194 hic
324 2132 390 2195 filia
406 2155 485 2208 mea,
511 2153 606 2216 quam
631 2129 693 2194 tuis
710 2131 854 2194 ludibriis
871 2135 1040 2214 corrupisti
1068 2147 1100 2196 et
1116 2136 1289 2200 adulterari

145 2242 211 2283 uon
228 2218 370 2285 timuisti.
419 2217 515 2282 Nunc
532 2237 637 2281 tamen
656 2218 757 2302 palam
775 2219 820 2281 tui
836 2219 962 2282 sceleris
979 2241 1095 2282 noxam
1111 2227 1288 2306 aperiendo

139 2309 303 2383 confitere,
321 2323 354 2368 et
371 2307 533 2394 quomodo
550 2307 631 2369 hanc
657 2305 822 2368 seduxeris
845 2330 951 2369 coram
970 2311 1091 2370 cunctis
1119 2311 1289 2375 edissere.''

141 2393 255 2460 Puella
270 2395 377 2482 igitur,
395 2393 511 2457 auditis
528 2394 628 2456 verbis
644 2395 753 2478 patris,
772 2395 964 2478 pertinacius
994 2395 1118 2480 irrupit,
1151 2415 1182 2462 et
1212 2424 1288 2464 con-

140 2483 275 2548 stantius
298 2481 401 2566 ipsum
426 2481 486 2544 hoc
503 2481 622 2544 facinus
640 2482 669 2543 in
695 2506 765 2545 eam
790 2485 985 2546 commisisse
1010 2488 1222 2551 contestando
1238 2513 1286 2552 as·

140 2567 251 2637 seruit.
285 2569 423 2632 Miratus
434 2569 561 2653 juvenis
578 2585 610 2632 et
626 2569 872 2654 obstupelitctm,
891 2588 1072 2635 commenta
1088 2573 1159 2636 heec
1175 2577 1287 2641 diabo-

140 2659 202 2721 lica
217 2679 284 2719 esse
300 2656 466 2742 persensit,
485 2656 656 2740 plurimum
675 2659 836 2733 anxiatuS,
860 2660 948 2721 etad
969 2659 1075 2722 Deum
1102 2676 1169 2724 tota
1185 2681 1292 2729 mente

140 2768 313 2808 conversus
338 2744 428 2808 dixit.
476 2743 667 2807 “Dominus
694 2745 793 2820 DenS,
822 2746 877 2831 qni
908 2747 996 2807 solus
1024 2748 1222 2812 occultorum
1244 2769 1292 2817 est

140 2831 291 2916 cognitor
306 2845 337 2894 et
353 2847 502 2906 assertor,
520 2831 588 2913 ipse
606 2831 757 2914 hocopus
771 2832 943 2916 iniquitatis
961 2833 1194 2898 manifestando
1205 2861 1292 2902 com-

139 2921 266 3006 probet,
303 2935 335 2983 et
362 2917 604 3002 comprobando
629 2917 815 2985 manifestet.
865 2921 929 2984 Sed
957 2942 1061 3005 neque
1089 2920 1121 2985 id
1149 2923 1291 2991 humano

133 3007 260 3091 judicio
287 3005 529 3090 comprobando
556 3005 712 3082 notificet,
731 3007 786 3070 sed
810 3007 919 3072 divino
943 3008 973 3069 id
999 3007 1105 3092 potins
1135 3012 1290 3079 miraculo

139 3095 316 3159 revelando
339 3091 510 3160 declaret.'’
559 3094 642 3157 Cum
660 3094 730 3158 hae
748 3097 794 3156 vir
811 3096 913 3158 verbis
929 3097 1151 3178 gemebundus
1167 3116 1199 3163 et
1216 3125 1287 3185 pro-

139 3183 230 3246 fusus
248 3181 383 3245 lacrimis
400 3196 586 3266 perorasset,
612 3183 698 3268 quod
724 3182 844 3246 dictum
876 3201 924 3247 est
955 3183 1106 3261 mirabile,
1124 3189 1228 3252 subito
1256 3193 1287 3254 in

139 3272 212 3334 loco
229 3294 293 3358 quo
310 3272 380 3354 ipsa
395 3270 482 3333 stetit
499 3285 582 3332 terra
598 3271 751 3347 deiscens,
770 3294 913 3333 ossuum
930 3274 1065 3354 aperuit,
1091 3287 1123 3334 et
1139 3274 1170 3338 in
1189 3279 1289 3343 oculis

140 3357 285 3422 emulum
304 3357 402 3441 ipsam
420 3357 624 3420 absorbendo
640 3357 823 3443 deglutivit.
872 3357 979 3422 Locus
995 3358 1049 3420 ille
1066 3359 1172 3423 adbuc
1192 3363 1291 3427 Con·-

140 3469 203 3510 uen
222 3445 347 3520 dicitnr,
380 3443 434 3509 ubi
458 3443 525 3526 ipsa
545 3467 600 3526 pro
617 3446 828 3526 corruptionis
845 3468 911 3508 suae
942 3444 1035 3508 ruina
1066 3445 1096 3507 in
1127 3447 1286 3516 infernum

137 3529 264 3597 cecidit.
314 3531 394 3596 Haec
410 3531 610 3618 igiturpatet·
626 3531 739 3614 puellae
755 3554 827 3594 cunr
855 3531 1061 3596 multitudine
1084 3556 1143 3598 sua
1165 3542 1290 3626 perspi.

139 3621 225 3685 ciens
249 3621 328 3698 fieri,
350 3619 448 3705 coepit
465 3619 556 3681 nimis
574 3619 695 3682 timoris
719 3635 751 3683 et
781 3620 901 3683 doloris
928 3620 1063 3684 stimulis
1088 3623 1284 3712 detorqueri.

140 3709 294 3772 Timebat
311 3711 442 3795 quidem
459 3707 592 3770 nimium
608 3708 696 3793 quod
713 3725 855 3772 sanctum
870 3709 1017 3773 convitiis
1034 3713 1222 3795 impetisset,
1249 3741 1287 3782 ne

140 3819 174 3860 se
187 3797 357 3860 consimilis
375 3795 516 3859 vindicta
531 3795 718 3880 corriperet.
766 3795 864 3861 Unde
890 3797 956 3882 ipse
972 3820 1043 3861 cum
1060 3799 1123 3862 suis
1139 3804 1287 3870 omnibus

138 3883 325 3970 suppliciter
363 3883 426 3948 Dei
462 3883 711 3948 misericordiam
743 3885 962 3970 postulabant,
996 3903 1028 3948 et
1057 3884 1155 3968 ipsius
1186 3893 1288 3956 sancti

139 3974 302 4036 orationes
312 3995 381 4036 eam
392 3971 451 4034 sibi
464 3973 549 4056 apud
567 3971 742 4034 Dominum
756 3976 904 4058 optinere
917 3971 1119 4036 devotissime
1135 3975 1287 4058 deposce-

139 4061 228 4122 bant.
276 4060 404 4134 Quibus
428 4059 481 4122 ille
503 4057 673 4143 benignius
690 4059 832 4137 indulsit,
860 4061 916 4123 sed
934 4058 1072 4122 mulieris
1089 4065 1287 4129 consortium

138 4147 225 4212 circa
246 4169 279 4210 se
295 4147 428 4210 ulterius
446 4169 509 4209 non
530 4144 667 4213 admisit.
718 4149 799 4210 lnde
817 4148 914 4232 igitur
929 4147 1078 4230 provenit
1095 4149 1181 4232 quod
1198 4176 1287 4216 suam

137 4233 306 4298 ecclesiam
322 4233 455 4299 feminas
471 4237 590 4298 intrare
604 4256 668 4297 non
684 4239 840 4320 permisit,
857 4238 942 4322 quod
959 4234 1115 4298 hactenus
1131 4237 1160 4299 in
1185 4243 1290 4324 patria

140 4322 308 4387 Pictorum
335 4323 435 4388 artius
452 4323 650 4400 observatur,
675 4323 868 4411 ubicumque
896 4321 997 4409 ipsius
1021 4321 1137 4388 honori
1152 4328 1289 4395 eeclesia
