3094 5292
313 399 362 466 44
760 411 851 486 vira
875 411 1012 461 oswnvr

308 577 442 664 publicis
465 575 623 653 delerem,
646 597 719 642 non⁴
737 571 884 639 instituto
909 574 956 638 vel
980 572 1201 638 consuetudini
1221 574 1313 658 regni
1328 597 1457 640 morem

296 689 434 752 gerens,
456 667 554 742 veuit,
571 679 607 729 ut
623 663 744 727 dictum
760 675 820 739 est,
840 662 967 738 Wilum,
984 663 1148 726 laxaturus
1163 683 1274 726 manus
1290 661 1322 725 iu
1338 679 1458 750 captu-

307 778 375 820 ram
398 752 563 818 mobilium
585 775 658 839 quae
681 750 739 815 sibi
762 751 848 835 prius
871 762 1086 815 occurrerent.
1135 749 1351 815 Prohibebant
1373 773 1457 816 eum

307 843 446 930 quicum
463 865 503 906 eo
518 852 680 917 venerant,
701 838 856 903 Ricardus
872 851 905 902 et
923 836 1107 915 Nicbolaus,
1121 837 1180 901 viri
1192 837 1375 917 timorati,a
1390 841 1458 904 do-

306 930 424 995 minico
451 929 559 993 Sancti
584 925 738 1014 Martyris
753 938 918 1004 arment03
942 938 1139 1011 opponentes
1156 938 1224 989 tum
1240 926 1367 990 titulum
1377 929 1457 1013 jam

307 1019 402 1083 dictae
418 1015 665 1092 consuetudinis,
683 1028 753 1079 tum
768 1013 979 1096 reverentiam
995 1013 1104 1078 Sancti
1119 1012 1215 1098 Regis
1232 1027 1264 1078 et
1282 1014 1456 1102 Martyris,

307 1111 354 1172 At
375 1106 429 1169 ille
453 1128 525 1170 cum
549 1103 640 1168 sociis
656 1101 806 1180 refectus,
832 1100 951 1166 incuria
970 1100 1089 1179 Sancti,
1107 1101 1326 1165 nichilominus
1338 1101 1455 1168 furore

306 1217 371 1280 quo
393 1192 479 1279 prius
502 1194 597 1269 latus,
625 1190 740 1277 passim
764 1204 796 1254 et
818 1188 885 1253 sine
908 1188 1028 1254 dilectu
1050 1189 1138 1276 quod
1161 1189 1246 1274 prius
1270 1192 1455 1256 occurrerit

306 1297 473 1368 capturum
499 1304 532 1344 se
556 1302 629 1344 cum
649 1280 832 1378 juramento
857 1277 1003 1342 affirmat.
1050 1277 1247 1365 Factumque
1269 1291 1318 1342 est
1345 1292 1379 1344 ut
1403 1281 1456 1344 ad

306 1392 424 1456 pascua
445 1368 564 1454 pariter
587 1377 742 1443 vemrent,
768 1364 823 1429 ubi
846 1363 995 1429 dominici
1018 1365 1117 1428 boves
1136 1363 1221 1429 illius
1236 1365 1321 1430 villae
1336 1390 1457 1452 pasce-

305 1459 442 1534 bantur;
466 1469 500 1522 et
522 1453 703 1518 videntibus
720 1453 861 1517 Ricardo
880 1466 914 1517 et
933 1451 1090 1517 Nicbolao
1104 1451 1201 1517 boves
1216 1469 1392 1538 pascentes,
1410 1469 1454 1538 et

306 1568 441 1632 puerum
460 1543 644 1619 minantem,
661 1539 828 1605 audientes
844 1540 941 1605 etiam
956 1562 1066 1604 canem
1082 1539 1256 1620 horridum,
1274 1542 1454 1608 satellitem

305 1633 434 1699 horride
457 1633 560 1696 solum
583 1629 805 1706 oblatrantem,
831 1627 897 1714 ipse
913 1628 980 1692 dux
998 1629 1176 1713 nephandae
1191 1629 1357 1714 captionis,
1384 1654 1453 1696 nec

304 1722 404 1788 boves
428 1719 518 1798 vidit,
542 1741 601 1784 neo
624 1740 735 1782 canem
758 1715 892 1781 audivit.
940 1715 1035 1782 Ibant
1057 1730 1167 1781 autem
1182 1716 1214 1780 in
1229 1716 1303 1802 ipsis
1318 1722 1452 1805 pascuis

304 1810 368 1874 huc
390 1809 529 1896 illucque
556 1821 589 1872 et
615 1805 857 1870 revertebantur
884 1803 1011 1889 saepius,
1039 1804 1126 1868 etin
1150 1818 1274 1870 tantum
1297 1821 1453 1872 armento

303 1896 448 1985 pascenti
467 1895 732 1994 propinquabant,
749 1907 785 1957 ut
800 1891 1010 1982 equitantium
1025 1891 1157 1976 pedibus
1173 1907 1391 1977 tangerentur,
1409 1911 1453 1960 et

304 1987 446 2073 pulsibus
466 1983 595 2048 Ricardi
611 1991 644 2046 et
661 1979 810 2044 Nicbolai
824 1981 922 2044 boves
937 1979 956 2043 a
970 1979 1103 2044 transitu
1119 1981 1291 2068 quaerentis
1307 2005 1360 2046 eos
1376 2006 1454 2048 am-

304 2075 510 2159 bigerentur3
538 2094 597 2135 nec
624 2069 657 2133 in
679 2068 785 2133 eundo
808 2067 859 2132 vel
880 2067 1046 2132 redeundo
1066 2067 1086 2132 a
1107 2068 1251 2134 ministro
1273 2071 1361 2155 regio
1384 2070 1453 2135 visi

268 2203 270 2208 ,
304 2178 390 2230 sunt.
438 2159 574 2227 Coecitas
601 2156 759 2234 nimirum,
783 2178 879 2243 quam
904 2155 1012 2220 Graeci
1035 2155 1182 2220 aurisiam
1206 2180 1262 2221 sen
1287 2158 1454 2224 abrasiam

303 2253 425 2329 dicunt,
446 2271 519 2337 quae
542 2244 723 2310 Sodomitas
741 2257 950 2329 percusserat,
972 2266 1013 2308 ne
1034 2243 1150 2307 ostium
1166 2244 1277 2308 domnis
1294 2245 1382 2310 Loth
1397 2246 1455 2311 in-

304 2339 460 2416 venirent,
485 2335 570 2399 hunc
595 2331 769 2419 iniquitatis
785 2331 962 2396 ministrum
986 2331 1157 2418 tetigerat3
1180 2347 1212 2397 et
1227 2334 1269 2397 ad
1284 2345 1411 2420 tempus
1431 2337 1455 2402 ὲ

303 2428 373 2492 visu
396 2423 515 2512 pariter
534 2436 566 2488 et
585 2421 709 2498 auditu,
729 2443 794 2484 uon
813 2419 956 2483 omnium
974 2442 1047 2506 quae
1063 2419 1164 2484 videri
1179 2435 1213 2485 et
1227 2421 1329 2486 audiri
1351 2437 1454 2508 pote-

303 2528 386 2592 rant,
406 2534 479 2577 nam
499 2510 601 2575 socios
617 2531 689 2572 suos
705 2521 738 2572 et
754 2507 884 2572 videbat
899 2520 933 2570 et
948 2507 1110 2586 audiebat,
1127 2509 1185 2572 sed
1199 2530 1311 2573 eorum
1326 2510 1452 2597 quibus

304 2604 422 2669 damna
437 2598 550 2664 inferre
564 2607 784 2684 proposuerat,
801 2594 966 2680 optinente
986 2595 1106 2661 Sancto
1125 2595 1254 2662 Oswino
1270 2599 1452 2684 suspende-

304 2705 366 2758 rat.
414 2683 558 2773 Egressis
585 2683 777 2750 autemillis
801 2697 919 2748 terram
950 2683 1058 2747 Sancti
1086 2683 1251 2771 Martyris,
1283 2685 1451 2751 “Miror’'

303 2778 406 2867 inquit
428 2775 553 2842 satelles
576 2772 640 2851 ille,
663 2782 759 2859 “quo
783 2769 971 2836 devenerint
993 2785 1138 2836 armenta
1152 2773 1203 2838 vel
1218 2796 1331 2858 greges
1346 2774 1451 2860 hujus

302 2869 397 2934 villoe.
444 2861 600 2950 Nunquid
615 2860 707 2925 alicui
718 2858 865 2924 revelasti
881 2881 1008 2923 causam
1023 2859 1176 2926 adventus
1193 2863 1323 2927 nostri?
1347 2861 1453 2928 Nun-

302 2957 381 3046 quid
403 2976 446 3018 ex
467 2949 663 3016 consciencia
677 2947 786 3012 nostra
800 2946 819 3010 a
833 2946 956 3032 pascuis
971 2961 1095 3012 remota
1109 2960 1183 3011 sunt
1198 2971 1271 3036 quae
1286 2949 1452 3036 capienda

301 3043 446 3110 venimus
468 3050 613 3103 armenta
635 3038 671 3102 ?'’
699 3036 743 3099 At
768 3034 814 3098 illi
836 3033 890 3122 qui
916 3058 989 3099 cum
1011 3059 1051 3100 eo
1075 3035 1318 3116 comitabantur,
1348 3039 1450 3105 “De

302 3133 383 3222 gulf'
410 3127 556 3214 inquiunt
582 3122 874 3212 “loquerisvillffl
903 3122 1020 3187 Nonne
1042 3123 1110 3208 jam
1134 3124 1275 3210 elongati
1298 3148 1406 3190 sumus
1427 3129 1451 3194 a

305 3209 432 3296 Wilum,
463 3211 643 3303 quingentis
673 3210 740 3276 fere
770 3210 939 3295 passibus?
979 3209 1098 3274 Nonne
1127 3211 1233 3276 vidisti
1263 3213 1450 3280 dominicos

301 3311 401 3376 boves
419 3304 452 3369 in
471 3301 535 3368 suis
551 3299 674 3388 pascuis
689 3301 881 3384 pascentes?
907 3297 1024 3362 Nonne
1039 3321 1173 3383 puerum
1188 3302 1364 3365 subruffum
1379 3305 1450 3368 mi-

301 3410 431 3464 nantem
451 3415 506 3457 eos
522 3387 640 3464 vidisti,
657 3403 691 3452 et
706 3410 778 3452 oum
794 3410 834 3451 eo
849 3410 960 3451 canem
978 3399 1010 3450 te
1027 3387 1128 3451 solum
1145 3389 1260 3454 acriter
1275 3389 1451 3456 oblatran-

303 3500 366 3552 tem
387 3479 502 3548 audisti
510 3479 546 3544 ?”
571 3487 593 3518 “
609 3475 773 3554 Minime,''
789 3475 891 3563 inquit
910 3475 996 3539 “vel
1012 3474 1076 3538 vidi
1091 3476 1142 3540 vel
1157 3476 1263 3540 audivi
1278 3501 1374 3578 quem
1389 3479 1450 3544 di-

301 3573 401 3640 citis.'’
450 3567 500 3633 llli
523 3583 631 3630 autem
653 3563 837 3629 estimantes
857 3562 945 3714 quod
966 3562 1193 3628 dissimulasset
1209 3587 1325 3644 omma,
1342 3568 1448 3634 tertia
1539 3579 1540 3646 ζ

301 3663 349 3728 vel
373 3656 487 3747 quarta
508 3654 560 3718 die
577 3653 606 3716 in
623 3652 778 3717 comitatu
793 3674 854 3736 apu

299 3746 451 3816 secretius
474 3755 507 3808 et
529 3739 701 3806 districtius
724 3762 819 3825 super
840 3738 889 3802 his
912 3753 1137 3818 convenerunt,
1154 3753 1187 3804 et
1199 3740 1251 3806 ille
1266 3764 1339 3806 cum
1347 3743 1446 3827 jum,

299 3848 410 3906 mento
433 3831 620 3908 testabatur,
645 3851 679 3898 se
703 3850 760 3891 nec
782 3826 896 3890 vidisse
921 3847 978 3889 nec
1001 3825 1126 3891 audisse
1141 3850 1214 3914 quae
1229 3828 1274 3892 illi
1290 3829 1445 3916 perhibe,
1538 3819 1539 3856 v

297 3930 387 3995 bant·
433 3919 708 4008 Divulgatumque
724 3928 773 3979 est
788 3911 997 3978 incontinenti
1012 3936 1071 3999 per
1089 3915 1295 3995 Comitatum,
1317 3917 1443 3986 deinde

297 4038 355 4104 per
371 4023 472 4076 totam
489 4002 826 4092 Nordthanymbriam,
841 4003 972 4066 verbum
987 4002 1048 4066 boc
1064 4004 1152 4090 quod
1166 4002 1241 4070 fecit
1254 4005 1441 4086 Dominus3
1536 4008 1538 4050 l

297 4118 331 4171 et
354 4096 494 4168 ostendit
516 4093 607 4158 nobis
631 4090 787 4155 timoratis
810 4089 852 4154 ad
870 4088 1112 4174 glorificandum
1130 4091 1249 4172 Deum,
1267 4093 1441 4162 obstinatis

296 4214 374 4258 vero
396 4187 439 4252 ad
461 4181 638 4250 timendum
662 4178 771 4243 Deum
793 4192 826 4243 et
848 4179 1059 4243 reverendum
1085 4180 1237 4244 Sanctum
1264 4181 1387 4266 Regem
1404 4199 1443 4252 et

299 4281 478 4364 Martyrem
497 4268 671 4336 Oswiuum.
711 4265 869 4331 Horridus
881 4278 989 4331 autem
1001 4267 1127 4332 satelles
1138 4290 1203 4333 non
1215 4268 1339 4334 addidit
1351 4271 1442 4338 ultra

295 4366 438 4458 praedam
461 4360 495 4424 in
521 4355 607 4420 terra
636 4355 743 4419 Sancti
770 4353 933 4441 Martyris,
958 4354 1009 4419 vel
1030 4377 1170 4434 namum‚
1194 4368 1230 4420 ut
1253 4356 1299 4422 ita
1317 4356 1439 4440 dicam,

295 4467 462 4544 repetere3
486 4449 583 4510 immo
606 4442 627 4507 a
648 4441 716 4508 visu
745 4442 929 4508 monasterii
963 4442 1082 4523 Sancti,
1109 4444 1263 4512 nonnullo
1290 4459 1441 4534 tempore

896 3649 1024 3714 Novum
1042 3652 1218 3716 Castellum
1234 3654 1344 3718 habito
1359 3677 1443 3721 cum
1539 3655 1540 3681 ¹
