<?xml version="1.0" encoding="UTF-8"?>
<!DOCTYPE html PUBLIC "-//W3C//DTD XHTML 1.0 Transitional//EN"
    "http://www.w3.org/TR/xhtml1/DTD/xhtml1-transitional.dtd">
<html xmlns="http://www.w3.org/1999/xhtml" xml:lang="en" lang="en">
 <head>
  <title>
</title>
<meta http-equiv="Content-Type" content="text/html;charset=utf-8" />
  <meta name='ocr-system' content='tesseract 3.04.00' />
  <meta name='ocr-capabilities' content='ocr_page ocr_carea ocr_par ocr_line ocrx_word'/>
</head>
<body>
  <div class='ocr_page' id='page_1' title='image "./miscellaneabiog01raingoog_0070.png"; bbox 0 0 3094 5292; ppageno 0'>
   <div class='ocr_carea' id='block_1_1' title="bbox 378 511 1226 604">
    <p class='ocr_par' dir='ltr' id='par_1_1' title="bbox 378 511 1226 604">
     <span class='ocr_line' id='line_1_1' title="bbox 378 511 1226 604; baseline 0.006 -21"><span class='ocrx_word' id='word_1_1' title='bbox 378 511 381 518; x_wconf 84' lang='lat'>&#39;</span> <span class='ocrx_word' id='word_1_2' title='bbox 470 535 581 586; x_wconf 77' lang='lat' dir='ltr'><strong>nnsis</strong></span> <span class='ocrx_word' id='word_1_3' title='bbox 608 534 826 604; x_wconf 79' lang='lat' dir='ltr'><strong>unisonum.</strong></span> <span class='ocrx_word' id='word_1_4' title='bbox 1176 522 1226 601; x_wconf 86' lang='lat'><strong>47</strong></span> 
     </span>
    </p>
   </div>
   <div class='ocr_carea' id='block_1_2' title="bbox 85 697 1225 1996">
    <p class='ocr_par' dir='ltr' id='par_1_2' title="bbox 85 697 1225 1996">
     <span class='ocr_line' id='line_1_2' title="bbox 86 697 1223 788; baseline 0.001 -21"><span class='ocrx_word' id='word_1_5' title='bbox 86 700 188 788; x_wconf 81' lang='lat' dir='ltr'><strong>qnieti=</strong></span> <span class='ocrx_word' id='word_1_6' title='bbox 203 697 386 764; x_wconf 76' lang='lat' dir='ltr'><strong>monastiea</strong></span> <span class='ocrx_word' id='word_1_7' title='bbox 403 698 666 776; x_wconf 55' lang='lat' dir='ltr'><strong>recensuerint</strong></span> <span class='ocrx_word' id='word_1_8' title='bbox 681 699 737 764; x_wconf 75' lang='lat' dir='ltr'><strong>sua</strong></span> <span class='ocrx_word' id='word_1_9' title='bbox 755 698 1106 777; x_wconf 67' lang='lat' dir='ltr'><strong>Herdfnrdiumzvenit5</strong></span> <span class='ocrx_word' id='word_1_10' title='bbox 1130 712 1161 774; x_wconf 81' lang='lat' dir='ltr'><strong>et</strong></span> <span class='ocrx_word' id='word_1_11' title='bbox 1178 699 1223 768; x_wconf 88' lang='lat' dir='ltr'><strong>ibi</strong></span> 
     </span>
     <span class='ocr_line' id='line_1_3' title="bbox 85 786 1223 872; baseline 0.005 -20"><span class='ocrx_word' id='word_1_12' title='bbox 85 787 331 853; x_wconf 79' lang='lat' dir='ltr'><strong>commonachis</strong></span> <span class='ocrx_word' id='word_1_13' title='bbox 339 786 751 872; x_wconf 80' lang='lat' dir='ltr'><strong>lucipermissioneabbatis</strong></span> <span class='ocrx_word' id='word_1_14' title='bbox 763 787 804 852; x_wconf 89' lang='lat' dir='ltr'><strong>de</strong></span> <span class='ocrx_word' id='word_1_15' title='bbox 821 788 939 852; x_wconf 79' lang='lat' dir='ltr'><strong>Sancto</strong></span> <span class='ocrx_word' id='word_1_16' title='bbox 952 788 1223 870; x_wconf 56' lang='lat' dir='ltr'><strong>aomanorum</strong></span> 
     </span>
     <span class='ocr_line' id='line_1_4' title="bbox 86 874 1223 962; baseline 0.004 -20"><span class='ocrx_word' id='word_1_17' title='bbox 86 900 141 962; x_wconf 84' lang='lat' dir='ltr'><strong>per</strong></span> <span class='ocrx_word' id='word_1_18' title='bbox 164 889 269 940; x_wconf 79' lang='lat' dir='ltr'><strong>totam</strong></span> <span class='ocrx_word' id='word_1_19' title='bbox 288 875 553 961; x_wconf 82' lang='lat' dir='ltr'><strong>quadrigesimam</strong></span> <span class='ocrx_word' id='word_1_20' title='bbox 576 874 663 939; x_wconf 86' lang='lat' dir='ltr'><strong>fecit.</strong></span> <span class='ocrx_word' id='word_1_21' title='bbox 712 875 856 960; x_wconf 83' lang='lat' dir='ltr'><strong>Contigit</strong></span> <span class='ocrx_word' id='word_1_22' title='bbox 879 888 992 943; x_wconf 82' lang='lat' dir='ltr'><strong>eutem</strong></span> <span class='ocrx_word' id='word_1_23' title='bbox 1012 899 1056 946; x_wconf 81' lang='lat' dir='ltr'><strong>eo,</strong></span> <span class='ocrx_word' id='word_1_24' title='bbox 1078 890 1223 962; x_wconf 72' lang='lat' dir='ltr'><strong>tempure</strong></span> 
     </span>
     <span class='ocr_line' id='line_1_5' title="bbox 88 962 1224 1048; baseline 0.005 -20"><span class='ocrx_word' id='word_1_25' title='bbox 88 987 181 1028; x_wconf 87' lang='lat' dir='ltr'><strong>unum</strong></span> <span class='ocrx_word' id='word_1_26' title='bbox 196 965 239 1028; x_wconf 90' lang='lat' dir='ltr'><strong>de</strong></span> <span class='ocrx_word' id='word_1_27' title='bbox 252 963 402 1027; x_wconf 75' lang='lat' dir='ltr'><strong>fratribus</strong></span> <span class='ocrx_word' id='word_1_28' title='bbox 418 962 493 1040; x_wconf 85' lang='lat' dir='ltr'><strong>suis,</strong></span> <span class='ocrx_word' id='word_1_29' title='bbox 513 962 844 1041; x_wconf 85' lang='lat' dir='ltr'><strong>Henricnmnomins,</strong></span> <span class='ocrx_word' id='word_1_30' title='bbox 852 964 942 1048; x_wconf 77' lang='lat' dir='ltr'><strong>gnavi</strong></span> <span class='ocrx_word' id='word_1_31' title='bbox 957 965 1224 1034; x_wconf 67' lang='lat' dir='ltr'><strong>oculorumlabo</strong></span> 
     </span>
     <span class='ocr_line' id='line_1_6' title="bbox 86 1049 1224 1138; baseline 0.006 -22"><span class='ocrx_word' id='word_1_32' title='bbox 86 1075 156 1116; x_wconf 74' lang='lat' dir='ltr'><strong>ram</strong></span> <span class='ocrx_word' id='word_1_33' title='bbox 166 1051 379 1116; x_wconf 73' lang='lat' dir='ltr'>incommode.</span> <span class='ocrx_word' id='word_1_34' title='bbox 422 1050 487 1124; x_wconf 76' lang='lat' dir='ltr'><strong>Qui</strong></span> <span class='ocrx_word' id='word_1_35' title='bbox 502 1049 608 1136; x_wconf 83' lang='lat' dir='ltr'><strong>aliqua</strong></span> <span class='ocrx_word' id='word_1_36' title='bbox 623 1051 817 1116; x_wconf 84' lang='lat' dir='ltr'><strong>oollirionum</strong></span> <span class='ocrx_word' id='word_1_37' title='bbox 831 1074 955 1136; x_wconf 80' lang='lat' dir='ltr'><strong>genera.</strong></span> <span class='ocrx_word' id='word_1_38' title='bbox 964 1051 1138 1120; x_wconf 69' lang='lat' dir='ltr'><strong>curationis</strong></span> <span class='ocrx_word' id='word_1_39' title='bbox 1150 1076 1224 1138; x_wconf 78' lang='lat' dir='ltr'><strong>pet·</strong></span> 
     </span>
     <span class='ocr_line' id='line_1_7' title="bbox 87 1137 1222 1224; baseline 0.003 -21"><span class='ocrx_word' id='word_1_40' title='bbox 87 1157 225 1219; x_wconf 76' lang='lat' dir='ltr'><strong>currens,</strong></span> <span class='ocrx_word' id='word_1_41' title='bbox 239 1154 364 1224; x_wconf 87' lang='lat' dir='ltr'><strong>tempus</strong></span> <span class='ocrx_word' id='word_1_42' title='bbox 380 1137 569 1216; x_wconf 76' lang='lat' dir='ltr'><strong>redimebat,</strong></span> <span class='ocrx_word' id='word_1_43' title='bbox 586 1139 952 1206; x_wconf 72' lang='lat' dir='ltr'><strong>sedoenlorunnnubenr</strong></span> <span class='ocrx_word' id='word_1_44' title='bbox 963 1162 1028 1206; x_wconf 86' lang='lat' dir='ltr'><strong>uon</strong></span> <span class='ocrx_word' id='word_1_45' title='bbox 1050 1139 1222 1210; x_wconf 69' lang='lat' dir='ltr'><strong>adimebat.</strong></span> 
     </span>
     <span class='ocr_line' id='line_1_8' title="bbox 91 1225 1224 1312; baseline 0.004 -20"><span class='ocrx_word' id='word_1_46' title='bbox 91 1229 165 1292; x_wconf 83' lang='lat' dir='ltr'><strong>Erat</strong></span> <span class='ocrx_word' id='word_1_47' title='bbox 181 1236 290 1292; x_wconf 83' lang='lat' dir='ltr'><strong>autem</strong></span> <span class='ocrx_word' id='word_1_48' title='bbox 305 1247 349 1291; x_wconf 83' lang='lat' dir='ltr'><strong>eo</strong></span> <span class='ocrx_word' id='word_1_49' title='bbox 361 1241 505 1311; x_wconf 87' lang='lat' dir='ltr'><strong>ternpore</strong></span> <span class='ocrx_word' id='word_1_50' title='bbox 521 1225 654 1312; x_wconf 78' lang='lat' dir='ltr'><strong>quidam</strong></span> <span class='ocrx_word' id='word_1_51' title='bbox 665 1227 764 1292; x_wconf 80' lang='lat' dir='ltr'><strong>frater</strong></span> <span class='ocrx_word' id='word_1_52' title='bbox 784 1229 821 1292; x_wconf 87' lang='lat' dir='ltr'><strong>in</strong></span> <span class='ocrx_word' id='word_1_53' title='bbox 832 1227 968 1312; x_wconf 81' lang='lat' dir='ltr'><strong>collegio</strong></span> <span class='ocrx_word' id='word_1_54' title='bbox 982 1228 1038 1294; x_wconf 89' lang='lat' dir='ltr'><strong>illo</strong></span> <span class='ocrx_word' id='word_1_55' title='bbox 1053 1229 1224 1296; x_wconf 65' lang='lat' dir='ltr'><strong>monacho-</strong></span> 
     </span>
     <span class='ocr_line' id='line_1_9' title="bbox 88 1315 1224 1403; baseline 0.005 -25"><span class='ocrx_word' id='word_1_56' title='bbox 88 1339 166 1394; x_wconf 85' lang='lat' dir='ltr'><strong>rnm,</strong></span> <span class='ocrx_word' id='word_1_57' title='bbox 183 1315 238 1403; x_wconf 84' lang='lat' dir='ltr'><strong>qni</strong></span> <span class='ocrx_word' id='word_1_58' title='bbox 268 1316 425 1379; x_wconf 77' lang='lat' dir='ltr'><strong>Sanctum:</strong></span> <span class='ocrx_word' id='word_1_59' title='bbox 448 1315 571 1400; x_wconf 82' lang='lat' dir='ltr'><strong>Regem</strong></span> <span class='ocrx_word' id='word_1_60' title='bbox 598 1330 634 1380; x_wconf 85' lang='lat' dir='ltr'><strong>et</strong></span> <span class='ocrx_word' id='word_1_61' title='bbox 658 1316 841 1402; x_wconf 79' lang='lat' dir='ltr'><strong>Martyrem</strong></span> <span class='ocrx_word' id='word_1_62' title='bbox 864 1315 1028 1382; x_wconf 77' lang='lat' dir='ltr'><strong>oswinum</strong></span> <span class='ocrx_word' id='word_1_63' title='bbox 1050 1316 1224 1385; x_wconf 70' lang='lat' dir='ltr'><strong>affectuose</strong></span> 
     </span>
     <span class='ocr_line' id='line_1_10' title="bbox 88 1401 1225 1489; baseline 0.006 -22"><span class='ocrx_word' id='word_1_64' title='bbox 88 1403 250 1489; x_wconf 77' lang='lat' dir='ltr'><strong>diligebat,</strong></span> <span class='ocrx_word' id='word_1_65' title='bbox 267 1417 301 1467; x_wconf 88' lang='lat' dir='ltr'><strong>et</strong></span> <span class='ocrx_word' id='word_1_66' title='bbox 323 1403 469 1468; x_wconf 84' lang='lat' dir='ltr'><strong>libellum</strong></span> <span class='ocrx_word' id='word_1_67' title='bbox 479 1401 547 1488; x_wconf 80' lang='lat' dir='ltr'><strong>ejus</strong></span> <span class='ocrx_word' id='word_1_68' title='bbox 563 1403 754 1488; x_wconf 75' lang='lat' dir='ltr'><strong>passionern,</strong></span> <span class='ocrx_word' id='word_1_69' title='bbox 769 1403 1000 1481; x_wconf 67' lang='lat' dir='ltr'>inventionem,</span> <span class='ocrx_word' id='word_1_70' title='bbox 1019 1417 1055 1472; x_wconf 76' lang='lat' dir='ltr'><strong>et.</strong></span> <span class='ocrx_word' id='word_1_71' title='bbox 1074 1405 1225 1474; x_wconf 67' lang='lat' dir='ltr'><strong>nonnulla</strong></span> 
     </span>
     <span class='ocr_line' id='line_1_11' title="bbox 87 1491 1224 1578; baseline 0.008 -23"><span class='ocrx_word' id='word_1_72' title='bbox 87 1492 156 1578; x_wconf 79' lang='lat' dir='ltr'><strong>ejas</strong></span> <span class='ocrx_word' id='word_1_73' title='bbox 167 1491 321 1556; x_wconf 81' lang='lat' dir='ltr'><strong>miracula</strong></span> <span class='ocrx_word' id='word_1_74' title='bbox 334 1491 564 1568; x_wconf 77' lang='lat' dir='ltr'><strong>amitinentem,</strong></span> <span class='ocrx_word' id='word_1_75' title='bbox 580 1493 666 1576; x_wconf 61' lang='lat' dir='ltr'><strong>spond</strong></span> <span class='ocrx_word' id='word_1_76' title='bbox 684 1515 723 1556; x_wconf 83' lang='lat' dir='ltr'><strong>se</strong></span> <span class='ocrx_word' id='word_1_77' title='bbox 736 1491 886 1558; x_wconf 79' lang='lat' dir='ltr'><strong>habebat.</strong></span> <span class='ocrx_word' id='word_1_78' title='bbox 935 1491 999 1565; x_wconf 77' lang='lat' dir='ltr'><strong>Qui</strong></span> <span class='ocrx_word' id='word_1_79' title='bbox 1014 1492 1169 1562; x_wconf 63' lang='lat' dir='ltr'><strong>ancedeus</strong></span> <span class='ocrx_word' id='word_1_80' title='bbox 1182 1493 1224 1563; x_wconf 80' lang='lat' dir='ltr'><strong>ad</strong></span> 
     </span>
     <span class='ocr_line' id='line_1_12' title="bbox 91 1579 1222 1666; baseline 0.004 -23"><span class='ocrx_word' id='word_1_81' title='bbox 91 1579 265 1644; x_wconf 85' lang='lat' dir='ltr'><strong>llen&#39;ricnm</strong></span> <span class='ocrx_word' id='word_1_82' title='bbox 280 1579 450 1643; x_wconf 82' lang='lat' dir='ltr'><strong>oculorum</strong></span> <span class='ocrx_word' id='word_1_83' title='bbox 460 1579 607 1664; x_wconf 79' lang='lat' dir='ltr'>passione</span> <span class='ocrx_word' id='word_1_84' title='bbox 621 1580 717 1644; x_wconf 71' lang='lat' dir='ltr'><strong>valde</strong></span> <span class='ocrx_word' id='word_1_85' title='bbox 731 1591 908 1665; x_wconf 75' lang='lat' dir='ltr'><strong>gravatum,</strong></span> <span class='ocrx_word' id='word_1_86' title='bbox 928 1589 951 1622; x_wconf 76' lang='lat'><strong>‘⁴</strong></span> <span class='ocrx_word' id='word_1_87' title='bbox 968 1579 1006 1647; x_wconf 80' lang='lat' dir='ltr'><strong>Si</strong></span> <span class='ocrx_word' id='word_1_88' title='bbox 1016 1581 1094 1658; x_wconf 56' lang='lat' dir='ltr'><strong>sis?</strong></span> <span class='ocrx_word' id='word_1_89' title='bbox 1110 1580 1222 1666; x_wconf 73' lang='lat' dir='ltr'><strong>inquit,</strong></span> 
     </span>
     <span class='ocr_line' id='line_1_13' title="bbox 91 1666 1224 1746; baseline 0.003 -15"><span class='ocrx_word' id='word_1_90' title='bbox 91 1669 161 1733; x_wconf 86' lang='lat' dir='ltr'><strong>“de</strong></span> <span class='ocrx_word' id='word_1_91' title='bbox 178 1680 270 1733; x_wconf 86' lang='lat' dir='ltr'><strong>tanto</strong></span> <span class='ocrx_word' id='word_1_92' title='bbox 284 1667 395 1731; x_wconf 85' lang='lat' dir='ltr'><strong>dolore</strong></span> <span class='ocrx_word' id='word_1_93' title='bbox 414 1667 502 1730; x_wconf 75' lang='lat' dir='ltr'><strong>osius</strong></span> <span class='ocrx_word' id='word_1_94' title='bbox 520 1668 753 1746; x_wconf 80' lang='lat' dir='ltr'><strong>convalesoere,</strong></span> <span class='ocrx_word' id='word_1_95' title='bbox 767 1667 911 1733; x_wconf 84' lang='lat' dir='ltr'><strong>libellum</strong></span> <span class='ocrx_word' id='word_1_96' title='bbox 932 1666 1020 1734; x_wconf 71' lang='lat' dir='ltr'><strong>hune</strong></span> <span class='ocrx_word' id='word_1_97' title='bbox 1039 1667 1138 1736; x_wconf 90' lang='lat' dir='ltr'><strong>oculis</strong></span> <span class='ocrx_word' id='word_1_98' title='bbox 1162 1668 1224 1737; x_wconf 87' lang='lat' dir='ltr'><strong>tuis</strong></span> 
     </span>
     <span class='ocr_line' id='line_1_14' title="bbox 86 1748 1225 1842; baseline 0.005 -25"><span class='ocrx_word' id='word_1_99' title='bbox 86 1757 219 1821; x_wconf 78' lang='lat' dir='ltr'><strong>eredens</strong></span> <span class='ocrx_word' id='word_1_100' title='bbox 235 1778 373 1840; x_wconf 83' lang='lat' dir='ltr'><strong>appone,</strong></span> <span class='ocrx_word' id='word_1_101' title='bbox 389 1769 423 1819; x_wconf 83' lang='lat' dir='ltr'><strong>et</strong></span> <span class='ocrx_word' id='word_1_102' title='bbox 438 1748 478 1818; x_wconf 88' lang='lat' dir='ltr'><strong>de</strong></span> <span class='ocrx_word' id='word_1_103' title='bbox 493 1755 611 1819; x_wconf 81' lang='lat' dir='ltr'><strong>merito</strong></span> <span class='ocrx_word' id='word_1_104' title='bbox 624 1755 731 1820; x_wconf 76' lang='lat' dir='ltr'><strong>Sancti</strong></span> <span class='ocrx_word' id='word_1_105' title='bbox 749 1754 916 1840; x_wconf 82' lang='lat' dir='ltr'><strong>Martyris,</strong></span> <span class='ocrx_word' id='word_1_106' title='bbox 929 1754 973 1822; x_wconf 86' lang='lat' dir='ltr'><strong>de</strong></span> <span class='ocrx_word' id='word_1_107' title='bbox 987 1779 1051 1842; x_wconf 86' lang='lat' dir='ltr'><strong>quo</strong></span> <span class='ocrx_word' id='word_1_108' title='bbox 1066 1756 1225 1842; x_wconf 83' lang='lat' dir='ltr'><strong>conserip-</strong></span> 
     </span>
     <span class='ocr_line' id='line_1_15' title="bbox 89 1842 1225 1934; baseline 0.007 -28"><span class='ocrx_word' id='word_1_109' title='bbox 89 1853 138 1906; x_wconf 82' lang='lat' dir='ltr'><strong>tus</strong></span> <span class='ocrx_word' id='word_1_110' title='bbox 153 1858 214 1922; x_wconf 85' lang='lat' dir='ltr'><strong>est,</strong></span> <span class='ocrx_word' id='word_1_111' title='bbox 232 1865 402 1928; x_wconf 65' lang='lat' dir='ltr'><strong>praesume,</strong></span> <span class='ocrx_word' id='word_1_112' title='bbox 413 1855 446 1906; x_wconf 82' lang='lat' dir='ltr'><strong>et</strong></span> <span class='ocrx_word' id='word_1_113' title='bbox 461 1843 673 1908; x_wconf 83' lang='lat' dir='ltr'><strong>convalebis.&#39;&#39;</strong></span> <span class='ocrx_word' id='word_1_114' title='bbox 720 1842 868 1909; x_wconf 79' lang='lat' dir='ltr'><strong>Credidit</strong></span> <span class='ocrx_word' id='word_1_115' title='bbox 882 1854 917 1907; x_wconf 85' lang='lat' dir='ltr'><strong>et</strong></span> <span class='ocrx_word' id='word_1_116' title='bbox 931 1842 1052 1934; x_wconf 76' lang='lat' dir='ltr'><strong>tetigit,</strong></span> <span class='ocrx_word' id='word_1_117' title='bbox 1063 1857 1096 1912; x_wconf 82' lang='lat' dir='ltr'><strong>et</strong></span> <span class='ocrx_word' id='word_1_118' title='bbox 1111 1845 1144 1914; x_wconf 86' lang='lat' dir='ltr'><strong>iu</strong></span> <span class='ocrx_word' id='word_1_119' title='bbox 1158 1847 1225 1914; x_wconf 77' lang='lat' dir='ltr'><strong>ictu</strong></span> 
     </span>
     <span class='ocr_line' id='line_1_16' title="bbox 88 1931 615 1996; baseline 0.002 -2"><span class='ocrx_word' id='word_1_120' title='bbox 88 1932 171 1996; x_wconf 78' lang='lat' dir='ltr'><strong>oculi</strong></span> <span class='ocrx_word' id='word_1_121' title='bbox 187 1932 279 1996; x_wconf 81' lang='lat' dir='ltr'><strong>dolor</strong></span> <span class='ocrx_word' id='word_1_122' title='bbox 294 1931 460 1995; x_wconf 80' lang='lat' dir='ltr'><strong>oculorum</strong></span> <span class='ocrx_word' id='word_1_123' title='bbox 475 1931 615 1995; x_wconf 84' lang='lat' dir='ltr'><strong>evanuit.</strong></span> 
     </span>
    </p>
   </div>
   <div class='ocr_carea' id='block_1_3' title="bbox 306 2189 1009 2276">
    <p class='ocr_par' dir='ltr' id='par_1_3' title="bbox 306 2189 1009 2276">
     <span class='ocr_line' id='line_1_17' title="bbox 306 2189 1009 2276; baseline 0 -16"><span class='ocrx_word' id='word_1_124' title='bbox 306 2193 405 2260; x_wconf 80' lang='lat' dir='ltr'><em>cAP.</em></span> <span class='ocrx_word' id='word_1_125' title='bbox 424 2189 690 2258; x_wconf 67' lang='lat' dir='ltr'><strong>xxxiii-..oe</strong></span> <span class='ocrx_word' id='word_1_126' title='bbox 703 2197 809 2276; x_wconf 72' lang='lat' dir='ltr'><strong>puers</strong></span> <span class='ocrx_word' id='word_1_127' title='bbox 826 2195 1009 2276; x_wconf 61' lang='lat' dir='ltr'><strong>paranate.</strong></span> 
     </span>
    </p>
   </div>
   <div class='ocr_carea' id='block_1_4' title="bbox 86 2365 1286 4192">
    <p class='ocr_par' dir='ltr' id='par_1_4' title="bbox 86 2365 1286 4192">
     <span class='ocr_line' id='line_1_18' title="bbox 133 2365 1225 2454; baseline 0.006 -21"><span class='ocrx_word' id='word_1_128' title='bbox 133 2369 217 2434; x_wconf 72' lang='lat' dir='ltr'><strong>(lum</strong></span> <span class='ocrx_word' id='word_1_129' title='bbox 233 2391 379 2453; x_wconf 77' lang='lat' dir='ltr'><strong>supernae</strong></span> <span class='ocrx_word' id='word_1_130' title='bbox 401 2367 560 2453; x_wconf 78' lang='lat' dir='ltr'><strong>majestati</strong></span> <span class='ocrx_word' id='word_1_131' title='bbox 575 2365 688 2432; x_wconf 86' lang='lat' dir='ltr'><strong>erebra</strong></span> <span class='ocrx_word' id='word_1_132' title='bbox 709 2380 742 2432; x_wconf 89' lang='lat' dir='ltr'><strong>et</strong></span> <span class='ocrx_word' id='word_1_133' title='bbox 765 2367 951 2434; x_wconf 82' lang='lat' dir='ltr'><strong>admiranda</strong></span> <span class='ocrx_word' id='word_1_134' title='bbox 972 2366 1134 2446; x_wconf 71' lang='lat' dir='ltr'><strong>muscula,</strong></span> <span class='ocrx_word' id='word_1_135' title='bbox 1151 2391 1225 2454; x_wconf 73' lang='lat' dir='ltr'><strong>quae</strong></span> 
     </span>
     <span class='ocr_line' id='line_1_19' title="bbox 89 2455 1227 2544; baseline 0.001 -25"><span class='ocrx_word' id='word_1_136' title='bbox 89 2477 145 2538; x_wconf 86' lang='lat' dir='ltr'><strong>per</strong></span> <span class='ocrx_word' id='word_1_137' title='bbox 175 2455 291 2521; x_wconf 82' lang='lat' dir='ltr'><strong>merita</strong></span> <span class='ocrx_word' id='word_1_138' title='bbox 305 2455 414 2520; x_wconf 88' lang='lat' dir='ltr'><strong>dilecti</strong></span> <span class='ocrx_word' id='word_1_139' title='bbox 429 2455 536 2519; x_wconf 86' lang='lat' dir='ltr'><strong>militis</strong></span> <span class='ocrx_word' id='word_1_140' title='bbox 559 2471 592 2520; x_wconf 91' lang='lat' dir='ltr'><strong>et</strong></span> <span class='ocrx_word' id='word_1_141' title='bbox 614 2455 723 2520; x_wconf 86' lang='lat' dir='ltr'><strong>invicti</strong></span> <span class='ocrx_word' id='word_1_142' title='bbox 749 2455 848 2544; x_wconf 87' lang='lat' dir='ltr'><strong>Regis</strong></span> <span class='ocrx_word' id='word_1_143' title='bbox 871 2469 904 2522; x_wconf 88' lang='lat' dir='ltr'><strong>et</strong></span> <span class='ocrx_word' id='word_1_144' title='bbox 929 2455 1081 2543; x_wconf 85' lang='lat' dir='ltr'><strong>Martyris</strong></span> <span class='ocrx_word' id='word_1_145' title='bbox 1108 2456 1227 2523; x_wconf 86' lang='lat' dir='ltr'><strong>Oswini</strong></span> 
     </span>
     <span class='ocr_line' id='line_1_20' title="bbox 86 2543 1286 2630; baseline 0.009 -24"><span class='ocrx_word' id='word_1_146' title='bbox 86 2543 211 2608; x_wconf 91' lang='lat' dir='ltr'><strong>dudum</strong></span> <span class='ocrx_word' id='word_1_147' title='bbox 232 2557 365 2630; x_wconf 80' lang='lat' dir='ltr'><strong>operate</strong></span> <span class='ocrx_word' id='word_1_148' title='bbox 385 2544 491 2608; x_wconf 83' lang='lat' dir='ltr'><strong>fuerat</strong></span> <span class='ocrx_word' id='word_1_149' title='bbox 513 2565 667 2608; x_wconf 84' lang='lat' dir='ltr'><strong>renovare</strong></span> <span class='ocrx_word' id='word_1_150' title='bbox 690 2544 870 2629; x_wconf 83' lang='lat' dir='ltr'>placuisset,</span> <span class='ocrx_word' id='word_1_151' title='bbox 887 2543 1021 2628; x_wconf 82' lang='lat' dir='ltr'><strong>contigit</strong></span> <span class='ocrx_word' id='word_1_152' title='bbox 1044 2543 1151 2614; x_wconf 77' lang='lat' dir='ltr'><strong>divina</strong></span> <span class='ocrx_word' id='word_1_153' title='bbox 1168 2567 1226 2616; x_wconf 76' lang='lat' dir='ltr'><strong>nos</strong></span> <span class='ocrx_word' id='word_1_154' title='bbox 1285 2555 1286 2558; x_wconf 66' lang='grc'>’</span> 
     </span>
     <span class='ocr_line' id='line_1_21' title="bbox 89 2631 1227 2720; baseline 0.011 -27"><span class='ocrx_word' id='word_1_155' title='bbox 89 2631 237 2696; x_wconf 81' lang='lat' dir='ltr'>visitante</span> <span class='ocrx_word' id='word_1_156' title='bbox 252 2632 365 2720; x_wconf 68' lang='lat' dir='ltr'><strong>gratia,</strong></span> <span class='ocrx_word' id='word_1_157' title='bbox 382 2631 430 2696; x_wconf 88' lang='lat' dir='ltr'><strong>his</strong></span> <span class='ocrx_word' id='word_1_158' title='bbox 445 2633 560 2696; x_wconf 85' lang='lat' dir='ltr'><strong>nostris</strong></span> <span class='ocrx_word' id='word_1_159' title='bbox 570 2633 767 2717; x_wconf 86' lang='lat' dir='ltr'><strong>temporibus</strong></span> <span class='ocrx_word' id='word_1_160' title='bbox 779 2633 884 2699; x_wconf 89' lang='lat' dir='ltr'><strong>subito</strong></span> <span class='ocrx_word' id='word_1_161' title='bbox 899 2633 1046 2719; x_wconf 81' lang='lat' dir='ltr'><strong>quaedam</strong></span> <span class='ocrx_word' id='word_1_162' title='bbox 1060 2633 1227 2705; x_wconf 80' lang='lat' dir='ltr'><strong>renovatio</strong></span> 
     </span>
     <span class='ocr_line' id='line_1_22' title="bbox 89 2716 1227 2806; baseline 0.007 -24"><span class='ocrx_word' id='word_1_163' title='bbox 89 2719 327 2786; x_wconf 66' lang='lat' dir='ltr'><strong>miraculorum.</strong></span> <span class='ocrx_word' id='word_1_164' title='bbox 374 2716 477 2804; x_wconf 82' lang='lat' dir='ltr'><strong>Igitur</strong></span> <span class='ocrx_word' id='word_1_165' title='bbox 500 2720 734 2806; x_wconf 77' lang='lat' dir='ltr'><strong>propinquante</strong></span> <span class='ocrx_word' id='word_1_166' title='bbox 762 2720 816 2784; x_wconf 87' lang='lat' dir='ltr'><strong>die</strong></span> <span class='ocrx_word' id='word_1_167' title='bbox 845 2720 1052 2788; x_wconf 74' lang='lat' dir='ltr'><strong>solemnitatis</strong></span> <span class='ocrx_word' id='word_1_168' title='bbox 1081 2721 1227 2804; x_wconf 76' lang='lat' dir='ltr'><strong>praedicti</strong></span> 
     </span>
     <span class='ocr_line' id='line_1_23' title="bbox 92 2805 1224 2894; baseline 0.008 -24"><span class='ocrx_word' id='word_1_169' title='bbox 92 2805 190 2892; x_wconf 85' lang='lat' dir='ltr'><strong>Regis</strong></span> <span class='ocrx_word' id='word_1_170' title='bbox 206 2820 238 2872; x_wconf 87' lang='lat' dir='ltr'><strong>et</strong></span> <span class='ocrx_word' id='word_1_171' title='bbox 255 2807 408 2894; x_wconf 81' lang='lat' dir='ltr'><strong>Martyris</strong></span> <span class='ocrx_word' id='word_1_172' title='bbox 428 2807 560 2885; x_wconf 88' lang='lat' dir='ltr'><strong>Oswini,</strong></span> <span class='ocrx_word' id='word_1_173' title='bbox 575 2809 639 2894; x_wconf 72' lang='lat' dir='ltr'><strong>qub</strong></span> <span class='ocrx_word' id='word_1_174' title='bbox 653 2807 756 2892; x_wconf 68' lang='lat' dir='ltr'><strong>passio</strong></span> <span class='ocrx_word' id='word_1_175' title='bbox 772 2807 867 2892; x_wconf 89' lang='lat' dir='ltr'><strong>ipsius</strong></span> <span class='ocrx_word' id='word_1_176' title='bbox 879 2807 1012 2875; x_wconf 85' lang='lat' dir='ltr'><strong>celebris</strong></span> <span class='ocrx_word' id='word_1_177' title='bbox 1035 2807 1224 2887; x_wconf 76' lang='lat' dir='ltr'><strong>habebatur,</strong></span> 
     </span>
     <span class='ocr_line' id='line_1_24' title="bbox 91 2894 1229 2980; baseline 0.01 -22"><span class='ocrx_word' id='word_1_178' title='bbox 91 2895 183 2960; x_wconf 88' lang='lat' dir='ltr'><strong>multi</strong></span> <span class='ocrx_word' id='word_1_179' title='bbox 198 2919 241 2960; x_wconf 89' lang='lat' dir='ltr'><strong>ex</strong></span> <span class='ocrx_word' id='word_1_180' title='bbox 256 2895 386 2960; x_wconf 89' lang='lat' dir='ltr'><strong>diversis</strong></span> <span class='ocrx_word' id='word_1_181' title='bbox 402 2895 478 2960; x_wconf 87' lang='lat' dir='ltr'><strong>locis</strong></span> <span class='ocrx_word' id='word_1_182' title='bbox 500 2894 542 2960; x_wconf 85' lang='lat' dir='ltr'><strong>ed</strong></span> <span class='ocrx_word' id='word_1_183' title='bbox 564 2894 660 2980; x_wconf 90' lang='lat' dir='ltr'><strong>ipsius</strong></span> <span class='ocrx_word' id='word_1_184' title='bbox 683 2897 861 2960; x_wconf 83' lang='lat' dir='ltr'><strong>convenere</strong></span> <span class='ocrx_word' id='word_1_185' title='bbox 884 2896 1046 2971; x_wconf 73' lang='lat' dir='ltr'><strong>tumbam</strong></span> <span class='ocrx_word' id='word_1_186' title='bbox 1070 2907 1136 2966; x_wconf 79' lang='lat' dir='ltr'><strong>tam</strong></span> <span class='ocrx_word' id='word_1_187' title='bbox 1158 2919 1229 2968; x_wconf 75' lang='lat' dir='ltr'><strong>eor·-</strong></span> 
     </span>
     <span class='ocr_line' id='line_1_25' title="bbox 90 2983 1230 3071; baseline 0.001 -24"><span class='ocrx_word' id='word_1_188' title='bbox 90 2984 177 3067; x_wconf 88' lang='lat' dir='ltr'><strong>poris</strong></span> <span class='ocrx_word' id='word_1_189' title='bbox 200 3007 296 3071; x_wconf 85' lang='lat' dir='ltr'><strong>quam</strong></span> <span class='ocrx_word' id='word_1_190' title='bbox 319 2985 433 3047; x_wconf 86' lang='lat' dir='ltr'><strong>animae</strong></span> <span class='ocrx_word' id='word_1_191' title='bbox 454 2996 632 3069; x_wconf 85' lang='lat' dir='ltr'><strong>quaerentes</strong></span> <span class='ocrx_word' id='word_1_192' title='bbox 655 2984 822 3048; x_wconf 87' lang='lat' dir='ltr'><strong>medelam.</strong></span> <span class='ocrx_word' id='word_1_193' title='bbox 861 2985 959 3067; x_wconf 64' lang='lat' dir='ltr'><strong>=Inter</strong></span> <span class='ocrx_word' id='word_1_194' title='bbox 980 3006 1058 3070; x_wconf 86' lang='lat' dir='ltr'><strong>quas</strong></span> <span class='ocrx_word' id='word_1_195' title='bbox 1080 2983 1230 3070; x_wconf 86' lang='lat' dir='ltr'><strong>quaedam</strong></span> 
     </span>
     <span class='ocr_line' id='line_1_26' title="bbox 90 3071 1230 3159; baseline 0 -23"><span class='ocrx_word' id='word_1_196' title='bbox 90 3072 210 3154; x_wconf 87' lang='lat' dir='ltr'><strong>puella,</strong></span> <span class='ocrx_word' id='word_1_197' title='bbox 226 3094 381 3136; x_wconf 85' lang='lat' dir='ltr'><strong>annorum</strong></span> <span class='ocrx_word' id='word_1_198' title='bbox 396 3072 464 3136; x_wconf 88' lang='lat' dir='ltr'><strong>fere</strong></span> <span class='ocrx_word' id='word_1_199' title='bbox 480 3071 630 3149; x_wconf 86' lang='lat' dir='ltr'><strong>sedecim,</strong></span> <span class='ocrx_word' id='word_1_200' title='bbox 648 3085 719 3136; x_wconf 85' lang='lat' dir='ltr'><strong>orta</strong></span> <span class='ocrx_word' id='word_1_201' title='bbox 734 3071 765 3135; x_wconf 92' lang='lat' dir='ltr'><strong>in</strong></span> <span class='ocrx_word' id='word_1_202' title='bbox 780 3072 855 3137; x_wconf 85' lang='lat' dir='ltr'><strong>villa</strong></span> <span class='ocrx_word' id='word_1_203' title='bbox 863 3072 904 3136; x_wconf 87' lang='lat' dir='ltr'><strong>de</strong></span> <span class='ocrx_word' id='word_1_204' title='bbox 920 3071 1158 3159; x_wconf 71' lang='lat' dir='ltr'><strong>Tynemudtha,</strong></span> <span class='ocrx_word' id='word_1_205' title='bbox 1175 3095 1230 3136; x_wconf 83' lang='lat' dir='ltr'><strong>eu-</strong></span> 
     </span>
     <span class='ocr_line' id='line_1_27' title="bbox 87 3158 1229 3247; baseline 0.001 -24"><span class='ocrx_word' id='word_1_206' title='bbox 87 3159 218 3242; x_wconf 89' lang='lat' dir='ltr'><strong>jusdam</strong></span> <span class='ocrx_word' id='word_1_207' title='bbox 234 3158 379 3244; x_wconf 85' lang='lat' dir='ltr'><strong>pauperis</strong></span> <span class='ocrx_word' id='word_1_208' title='bbox 397 3160 478 3224; x_wconf 76' lang='lat' dir='ltr'><strong>Ornt</strong></span> <span class='ocrx_word' id='word_1_209' title='bbox 494 3159 621 3241; x_wconf 87' lang='lat' dir='ltr'><strong>nomine</strong></span> <span class='ocrx_word' id='word_1_210' title='bbox 632 3160 698 3224; x_wconf 81' lang='lat' dir='ltr'><strong>filia</strong></span> <span class='ocrx_word' id='word_1_211' title='bbox 709 3161 812 3238; x_wconf 76' lang='lat' dir='ltr'><strong>unica,</strong></span> <span class='ocrx_word' id='word_1_212' title='bbox 826 3159 932 3245; x_wconf 67' lang='lat' dir='ltr'><strong>vigilia</strong></span> <span class='ocrx_word' id='word_1_213' title='bbox 952 3159 1060 3224; x_wconf 82' lang='lat' dir='ltr'><strong>Sancti</strong></span> <span class='ocrx_word' id='word_1_214' title='bbox 1076 3160 1229 3247; x_wconf 85' lang='lat' dir='ltr'><strong>Martyris</strong></span> 
     </span>
     <span class='ocr_line' id='line_1_28' title="bbox 91 3247 1232 3335; baseline 0.004 -27"><span class='ocrx_word' id='word_1_215' title='bbox 91 3247 250 3333; x_wconf 85' lang='lat' dir='ltr'><strong>reptando</strong></span> <span class='ocrx_word' id='word_1_216' title='bbox 272 3247 418 3312; x_wconf 87' lang='lat' dir='ltr'><strong>manibus</strong></span> <span class='ocrx_word' id='word_1_217' title='bbox 440 3261 474 3312; x_wconf 89' lang='lat' dir='ltr'><strong>et</strong></span> <span class='ocrx_word' id='word_1_218' title='bbox 496 3248 642 3332; x_wconf 85' lang='lat' dir='ltr'><strong>genibus,</strong></span> <span class='ocrx_word' id='word_1_219' title='bbox 657 3248 817 3326; x_wconf 84' lang='lat' dir='ltr'><strong>baculum,</strong></span> <span class='ocrx_word' id='word_1_220' title='bbox 834 3271 898 3334; x_wconf 91' lang='lat' dir='ltr'><strong>quo</strong></span> <span class='ocrx_word' id='word_1_221' title='bbox 921 3271 955 3312; x_wconf 89' lang='lat' dir='ltr'><strong>se</strong></span> <span class='ocrx_word' id='word_1_222' title='bbox 971 3247 1141 3335; x_wconf 87' lang='lat' dir='ltr'><strong>aliquando</strong></span> <span class='ocrx_word' id='word_1_223' title='bbox 1164 3273 1232 3313; x_wconf 89' lang='lat' dir='ltr'><strong>sus-</strong></span> 
     </span>
     <span class='ocr_line' id='line_1_29' title="bbox 92 3334 1231 3420; baseline 0.001 -21"><span class='ocrx_word' id='word_1_224' title='bbox 92 3347 285 3412; x_wconf 70' lang='lat' dir='ltr'><strong>tentaverat,</strong></span> <span class='ocrx_word' id='word_1_225' title='bbox 311 3349 386 3420; x_wconf 89' lang='lat' dir='ltr'><strong>post</strong></span> <span class='ocrx_word' id='word_1_226' title='bbox 411 3359 445 3400; x_wconf 89' lang='lat' dir='ltr'><strong>se</strong></span> <span class='ocrx_word' id='word_1_227' title='bbox 471 3334 692 3400; x_wconf 76' lang='lat' dir='ltr'><strong>miserabiliter</strong></span> <span class='ocrx_word' id='word_1_228' title='bbox 717 3337 858 3413; x_wconf 83' lang='lat' dir='ltr'><strong>trahens,</strong></span> <span class='ocrx_word' id='word_1_229' title='bbox 883 3335 925 3402; x_wconf 85' lang='lat' dir='ltr'><strong>ad</strong></span> <span class='ocrx_word' id='word_1_230' title='bbox 949 3337 1091 3404; x_wconf 82' lang='lat' dir='ltr'><strong>tumbam</strong></span> <span class='ocrx_word' id='word_1_231' title='bbox 1122 3337 1231 3407; x_wconf 77' lang='lat' dir='ltr'><strong>Sancti</strong></span> 
     </span>
     <span class='ocr_line' id='line_1_30' title="bbox 89 3417 1229 3507; baseline 0.009 -21"><span class='ocrx_word' id='word_1_232' title='bbox 89 3423 245 3500; x_wconf 83' lang='lat' dir='ltr'><strong>devenit;</strong></span> <span class='ocrx_word' id='word_1_233' title='bbox 268 3417 369 3486; x_wconf 74' lang='lat' dir='ltr'><strong>tribas</strong></span> <span class='ocrx_word' id='word_1_234' title='bbox 381 3423 504 3488; x_wconf 76' lang='lat' dir='ltr'><strong>etenim</strong></span> <span class='ocrx_word' id='word_1_235' title='bbox 518 3423 607 3487; x_wconf 77' lang='lat' dir='ltr'><strong>arinis</strong></span> <span class='ocrx_word' id='word_1_236' title='bbox 621 3424 735 3488; x_wconf 89' lang='lat' dir='ltr'><strong>morbo</strong></span> <span class='ocrx_word' id='word_1_237' title='bbox 749 3422 891 3507; x_wconf 82' lang='lat' dir='ltr'><strong>paralisis</strong></span> <span class='ocrx_word' id='word_1_238' title='bbox 914 3423 996 3490; x_wconf 83' lang='lat' dir='ltr'><strong>adeo</strong></span> <span class='ocrx_word' id='word_1_239' title='bbox 1016 3423 1229 3502; x_wconf 72' lang='lat' dir='ltr'><strong>laboraverat,</strong></span> 
     </span>
     <span class='ocr_line' id='line_1_31' title="bbox 91 3509 1230 3595; baseline 0.002 -21"><span class='ocrx_word' id='word_1_240' title='bbox 91 3517 130 3576; x_wconf 83' lang='lat' dir='ltr'><strong>u&#39;t</strong></span> <span class='ocrx_word' id='word_1_241' title='bbox 157 3512 217 3576; x_wconf 86' lang='lat' dir='ltr'><strong>sub</strong></span> <span class='ocrx_word' id='word_1_242' title='bbox 234 3510 383 3575; x_wconf 69' lang='lat' dir='ltr'><strong>umbilico</strong></span> <span class='ocrx_word' id='word_1_243' title='bbox 397 3524 503 3575; x_wconf 89' lang='lat' dir='ltr'><strong>totum</strong></span> <span class='ocrx_word' id='word_1_244' title='bbox 517 3511 682 3574; x_wconf 83' lang='lat' dir='ltr'><strong>amisisset.</strong></span> <span class='ocrx_word' id='word_1_245' title='bbox 729 3511 818 3575; x_wconf 92' lang='lat' dir='ltr'><strong>Dum</strong></span> <span class='ocrx_word' id='word_1_246' title='bbox 840 3510 938 3595; x_wconf 76' lang='lat' dir='ltr'><strong>igitur</strong></span> <span class='ocrx_word' id='word_1_247' title='bbox 960 3509 995 3578; x_wconf 80' lang='lat' dir='ltr'><strong>iu</strong></span> <span class='ocrx_word' id='word_1_248' title='bbox 1019 3511 1133 3580; x_wconf 79' lang='lat' dir='ltr'><strong>eodem</strong></span> <span class='ocrx_word' id='word_1_249' title='bbox 1157 3511 1230 3578; x_wconf 83' lang='lat' dir='ltr'><strong>loeo</strong></span> 
     </span>
     <span class='ocr_line' id='line_1_32' title="bbox 91 3597 1233 3686; baseline 0.002 -22"><span class='ocrx_word' id='word_1_250' title='bbox 91 3599 279 3676; x_wconf 83' lang='lat' dir='ltr'><strong>consti-tuta,</strong></span> <span class='ocrx_word' id='word_1_251' title='bbox 309 3599 493 3686; x_wconf 78' lang='lat' dir='ltr'><strong>frequenter</strong></span> <span class='ocrx_word' id='word_1_252' title='bbox 516 3616 550 3663; x_wconf 85' lang='lat' dir='ltr'><strong>et</strong></span> <span class='ocrx_word' id='word_1_253' title='bbox 580 3599 696 3664; x_wconf 74' lang='lat' dir='ltr'><strong>deuote</strong></span> <span class='ocrx_word' id='word_1_254' title='bbox 725 3597 836 3664; x_wconf 63' lang='lat' dir='ltr'><strong>saneti</strong></span> <span class='ocrx_word' id='word_1_255' title='bbox 866 3597 1019 3686; x_wconf 71' lang='lat' dir='ltr'><strong>Martyris</strong></span> <span class='ocrx_word' id='word_1_256' title='bbox 1048 3599 1233 3686; x_wconf 80' lang='lat' dir='ltr'><strong>imploraret</strong></span> 
     </span>
     <span class='ocr_line' id='line_1_33' title="bbox 94 3686 1231 3775; baseline 0.009 -24"><span class='ocrx_word' id='word_1_257' title='bbox 94 3687 263 3765; x_wconf 79' lang='lat' dir='ltr'><strong>auxilium,</strong></span> <span class='ocrx_word' id='word_1_258' title='bbox 291 3700 386 3752; x_wconf 81' lang='lat' dir='ltr'><strong>noete</strong></span> <span class='ocrx_word' id='word_1_259' title='bbox 413 3687 492 3750; x_wconf 87' lang='lat' dir='ltr'><strong>dum</strong></span> <span class='ocrx_word' id='word_1_260' title='bbox 517 3687 630 3751; x_wconf 83' lang='lat' dir='ltr'><strong>fratres</strong></span> <span class='ocrx_word' id='word_1_261' title='bbox 665 3686 837 3752; x_wconf 82' lang='lat' dir='ltr'><strong>matutinos</strong></span> <span class='ocrx_word' id='word_1_262' title='bbox 863 3688 1082 3772; x_wconf 73' lang='lat' dir='ltr'><strong>pmsolverent</strong></span> <span class='ocrx_word' id='word_1_263' title='bbox 1107 3711 1231 3775; x_wconf 70' lang='lat' dir='ltr'><strong>ymnus,</strong></span> 
     </span>
     <span class='ocr_line' id='line_1_34' title="bbox 90 3775 1234 3863; baseline 0.002 -23"><span class='ocrx_word' id='word_1_264' title='bbox 90 3775 255 3840; x_wconf 81' lang='lat' dir='ltr'><strong>medelam</strong></span> <span class='ocrx_word' id='word_1_265' title='bbox 275 3775 392 3852; x_wconf 79' lang='lat' dir='ltr'><strong>serrsit3</strong></span> <span class='ocrx_word' id='word_1_266' title='bbox 413 3775 564 3853; x_wconf 84' lang='lat' dir='ltr'><strong>surrexit,</strong></span> <span class='ocrx_word' id='word_1_267' title='bbox 578 3786 615 3839; x_wconf 84' lang='lat' dir='ltr'><strong>et</strong></span> <span class='ocrx_word' id='word_1_268' title='bbox 635 3797 745 3840; x_wconf 84' lang='lat' dir='ltr'><strong>eoram</strong></span> <span class='ocrx_word' id='word_1_269' title='bbox 764 3775 887 3860; x_wconf 84' lang='lat' dir='ltr'><strong>populo</strong></span> <span class='ocrx_word' id='word_1_270' title='bbox 908 3775 963 3863; x_wconf 89' lang='lat' dir='ltr'><strong>qui</strong></span> <span class='ocrx_word' id='word_1_271' title='bbox 981 3776 1106 3855; x_wconf 72' lang='lat' dir='ltr'><strong>adnm,</strong></span> <span class='ocrx_word' id='word_1_272' title='bbox 1121 3778 1234 3848; x_wconf 81' lang='lat' dir='ltr'><strong>ambu-</strong></span> 
     </span>
     <span class='ocr_line' id='line_1_35' title="bbox 93 3861 1236 3950; baseline 0.001 -24"><span class='ocrx_word' id='word_1_273' title='bbox 93 3863 162 3928; x_wconf 84' lang='lat' dir='ltr'><strong>lare</strong></span> <span class='ocrx_word' id='word_1_274' title='bbox 178 3861 286 3948; x_wconf 85' lang='lat' dir='ltr'><strong>eoepit.</strong></span> <span class='ocrx_word' id='word_1_275' title='bbox 331 3865 534 3950; x_wconf 82' lang='lat' dir='ltr'><strong>Arreptoque</strong></span> <span class='ocrx_word' id='word_1_276' title='bbox 557 3863 683 3941; x_wconf 84' lang='lat' dir='ltr'><strong>baculo,</strong></span> <span class='ocrx_word' id='word_1_277' title='bbox 699 3887 764 3950; x_wconf 89' lang='lat' dir='ltr'><strong>quo</strong></span> <span class='ocrx_word' id='word_1_278' title='bbox 780 3863 958 3950; x_wconf 64' lang='lat' dir='ltr'><strong>‚aliquando</strong></span> <span class='ocrx_word' id='word_1_279' title='bbox 970 3864 1091 3934; x_wconf 71' lang='lat' dir='ltr'><strong>debilia</strong></span> <span class='ocrx_word' id='word_1_280' title='bbox 1112 3877 1236 3938; x_wconf 74' lang='lat' dir='ltr'><strong>susten-</strong></span> 
     </span>
     <span class='ocr_line' id='line_1_36' title="bbox 94 3951 1235 4038; baseline 0.002 -24"><span class='ocrx_word' id='word_1_281' title='bbox 94 3958 223 4015; x_wconf 79' lang='lat' dir='ltr'><strong>taverat</strong></span> <span class='ocrx_word' id='word_1_282' title='bbox 245 3951 388 4029; x_wconf 85' lang='lat' dir='ltr'><strong>menbra,</strong></span> <span class='ocrx_word' id='word_1_283' title='bbox 408 3951 482 4016; x_wconf 85' lang='lat' dir='ltr'><strong>Deo</strong></span> <span class='ocrx_word' id='word_1_284' title='bbox 502 3964 538 4015; x_wconf 84' lang='lat' dir='ltr'><strong>et</strong></span> <span class='ocrx_word' id='word_1_285' title='bbox 564 3952 682 4015; x_wconf 58' lang='lat' dir='ltr'><strong>&amp;neto</strong></span> <span class='ocrx_word' id='word_1_286' title='bbox 706 3951 844 4037; x_wconf 73' lang='lat' dir='ltr'><strong>Martyri</strong></span> <span class='ocrx_word' id='word_1_287' title='bbox 865 3951 984 4035; x_wconf 71' lang='lat' dir='ltr'><strong>gratiss</strong></span> <span class='ocrx_word' id='word_1_288' title='bbox 1007 3975 1114 4036; x_wconf 82' lang='lat' dir='ltr'><strong>agens,</strong></span> <span class='ocrx_word' id='word_1_289' title='bbox 1139 3975 1235 4038; x_wconf 84' lang='lat' dir='ltr'><strong>super</strong></span> 
     </span>
     <span class='ocr_line' id='line_1_37' title="bbox 94 4033 1236 4190; baseline 0.01 -88"><span class='ocrx_word' id='word_1_290' title='bbox 94 4038 196 4190; x_wconf 69' lang='lat' dir='ltr'><strong>ipsiuls</strong></span> <span class='ocrx_word' id='word_1_291' title='bbox 217 4033 447 4190; x_wconf 57' lang='lat' dir='ltr'><strong>Sanetpsaltere</strong></span> <span class='ocrx_word' id='word_1_292' title='bbox 463 4038 647 4124; x_wconf 61' lang='lat' dir='ltr'><strong>optulit-ac</strong></span> <span class='ocrx_word' id='word_1_293' title='bbox 658 4039 779 4106; x_wconf 80' lang='lat' dir='ltr'><strong>deinde</strong></span> <span class='ocrx_word' id='word_1_294' title='bbox 789 4039 836 4104; x_wconf 82' lang='lat' dir='ltr'><strong>ad</strong></span> <span class='ocrx_word' id='word_1_295' title='bbox 854 4039 975 4126; x_wconf 80' lang='lat' dir='ltr'><strong>proprii</strong></span> <span class='ocrx_word' id='word_1_296' title='bbox 985 4042 1088 4124; x_wconf 79' lang='lat' dir='ltr'><strong>patris</strong></span> <span class='ocrx_word' id='word_1_297' title='bbox 1099 4041 1236 4113; x_wconf 65' lang='lat' dir='ltr'><strong>domm</strong></span> 
     </span>
     <span class='ocr_line' id='line_1_38' title="bbox 94 4141 699 4192; baseline 0.002 -2"><span class='ocrx_word' id='word_1_298' title='bbox 94 4145 174 4192; x_wconf 71' lang='lat' dir='ltr'><strong>anno</strong></span> <span class='ocrx_word' id='word_1_299' title='bbox 185 4149 264 4191; x_wconf 79' lang='lat' dir='ltr'><strong>umis</strong></span> <span class='ocrx_word' id='word_1_300' title='bbox 279 4148 315 4190; x_wconf 82' lang='lat' dir='ltr'><strong>re</strong></span> <span class='ocrx_word' id='word_1_301' title='bbox 339 4141 386 4191; x_wconf 89' lang='lat' dir='ltr'><strong>nt.</strong></span> <span class='ocrx_word' id='word_1_302' title='bbox 696 4155 699 4160; x_wconf 91' lang='lat'>·</span> 
     </span>
    </p>
   </div>
   <div class='ocr_carea' id='block_1_5' title="bbox 363 4388 971 4474">
    <p class='ocr_par' dir='ltr' id='par_1_5' title="bbox 363 4388 971 4474">
     <span class='ocr_line' id='line_1_39' title="bbox 363 4388 971 4474; baseline -0.002 -20"><span class='ocrx_word' id='word_1_303' title='bbox 363 4390 461 4462; x_wconf 84' lang='lat' dir='ltr'><strong><em>CAP.</em></strong></span> <span class='ocrx_word' id='word_1_304' title='bbox 486 4390 642 4454; x_wconf 88' lang='lat' dir='ltr'><em>XXXIV</em></span> <span class='ocrx_word' id='word_1_305' title='bbox 640 4391 745 4455; x_wconf 84' lang='lat' dir='ltr'><strong>.—De</strong></span> <span class='ocrx_word' id='word_1_306' title='bbox 763 4411 861 4474; x_wconf 83' lang='lat' dir='ltr'><strong>puero</strong></span> <span class='ocrx_word' id='word_1_307' title='bbox 875 4388 971 4471; x_wconf 76' lang='lat' dir='ltr'><strong>lapso.</strong></span> 
     </span>
    </p>
   </div>
   <div class='ocr_carea' id='block_1_6' title="bbox 145 4563 1236 4654">
    <p class='ocr_par' dir='ltr' id='par_1_6' title="bbox 145 4563 1236 4654">
     <span class='ocr_line' id='line_1_40' title="bbox 145 4563 1236 4654; baseline 0.005 -25"><span class='ocrx_word' id='word_1_308' title='bbox 145 4563 184 4629; x_wconf 92' lang='lat' dir='ltr'><strong>In</strong></span> <span class='ocrx_word' id='word_1_309' title='bbox 200 4563 267 4649; x_wconf 70' lang='lat' dir='ltr'><strong>ipsa</strong></span> <span class='ocrx_word' id='word_1_310' title='bbox 283 4563 493 4644; x_wconf 84' lang='lat' dir='ltr'><strong>solemnitate,</strong></span> <span class='ocrx_word' id='word_1_311' title='bbox 507 4565 641 4631; x_wconf 88' lang='lat' dir='ltr'><strong>rusticus</strong></span> <span class='ocrx_word' id='word_1_312' title='bbox 657 4564 785 4654; x_wconf 87' lang='lat' dir='ltr'><strong>quidam</strong></span> <span class='ocrx_word' id='word_1_313' title='bbox 802 4565 841 4631; x_wconf 88' lang='lat' dir='ltr'><strong>de</strong></span> <span class='ocrx_word' id='word_1_314' title='bbox 857 4565 1004 4632; x_wconf 80' lang='lat' dir='ltr'><strong>Ambella</strong></span> <span class='ocrx_word' id='word_1_315' title='bbox 1019 4566 1117 4632; x_wconf 89' lang='lat' dir='ltr'><strong>filium</strong></span> <span class='ocrx_word' id='word_1_316' title='bbox 1134 4593 1236 4649; x_wconf 89' lang='lat' dir='ltr'><strong>suurn,</strong></span> 
     </span>
    </p>
   </div>
   <div class='ocr_carea' id='block_1_7' title="bbox 0 0 1572 5292">
    <p class='ocr_par' dir='ltr' id='par_1_7' title="bbox 0 0 1572 5292">
     <span class='ocr_line' id='line_1_41' title="bbox 0 0 1572 5292; baseline 0 0"><span class='ocrx_word' id='word_1_317' title='bbox 0 0 1572 5292; x_wconf 95' lang='lat' dir='ltr'><strong> </strong></span> 
     </span>
    </p>
   </div>
  </div>
 </body>
</html>
