3132 5286
511 487 621 536 nuors
649 488 869 538 naraonuru.
1218 469 1268 532 55

116 649 187 734 ipsi
208 656 281 712 cum
305 645 428 711 summi
450 647 616 712 celeritate
638 660 830 734 'consumpta
852 659 913 726 est,
939 659 973 710 et
997 647 1029 710 in
1052 647 1152 731 paleis
1176 645 1272 710 celeri

116 735 296 801 voracitate
319 734 473 802 redacta..
509 735 610 799 Tunc
627 737 669 801 ad
691 737 830 822 primum
852 735 967 799 mulier
981 756 1015 797 se
1030 756 1180 818 peccasse
1197 754 1274 817 cog-

116 824 220 899 novit,
237 835 271 886 et
287 834 381 884 nocte
396 843 470 884 cnm
485 844 518 885 se
532 823 602 886 viro
612 822 646 886 in
659 837 785 888 secreto
797 823 935 888 cubiculi
945 823 1106 899 sociasset,
1121 833 1273 885 eventum

117 912 167 975 rei
190 931 246 994 per
270 907 416 973 ordinem
440 909 601 992 exposuit,
623 922 656 973 et
675 933 825 994 peccasse
842 933 876 974 se
892 911 925 972 in
944 909 1097 972 Sanctum
1112 907 1188 984 Dei,
1201 907 1273 992 jum

115 999 196 1062 facti
222 995 383 1082 poenitens
410 995 605 1060 inclamavit.
663 998 857 1062 Perterritus
884 1013 991 1061 autern
1023 996 1071 1059 vir
1097 1017 1194 1079 super
1224 993 1271 1057 his

117 1106 254 1149 uxorem
277 1081 382 1146 verbis
409 1083 563 1148 acerrime
586 1085 753 1168 corripuit,
778 1084 967 1170 monuitque
990 1095 1027 1147 ut
1051 1083 1213 1146 sacerdoti
1237 1105 1272 1146 se

117 1172 315 1247 ostenderet,
340 1191 409 1232 rem
425 1169 566 1234 seriatim
582 1186 772 1256 exponeret,
790 1186 824 1236 et
835 1170 961 1256 judicio
977 1169 1169 1235 sacerdotali
1184 1169 1273 1255 quod

118 1260 152 1322 in
177 1258 287 1323 Deum
311 1268 343 1321 et
367 1257 521 1320 Sanctum
540 1257 609 1341 ejus
626 1272 816 1342 peccaverat
832 1259 989 1343 expiaret.
1036 1257 1127 1322 Fecit
1143 1256 1269 1333 mulier,

117 1344 269 1433 sequenti
287 1344 456 1422 dominici,
480 1345 568 1430 quod
583 1345 631 1408 vir
645 1345 782 1422 indixit3
804 1347 845 1410 ad
861 1344 1062 1410 sacerdotem
1077 1343 1220 1421 accessit,
1238 1357 1272 1408 et

117 1433 138 1498 ὲ
165 1432 288 1516 templo
306 1431 483 1515 justificata
505 1432 649 1510 recessit,
675 1447 708 1497 et
731 1433 772 1498 de
795 1446 915 1498 caetero
937 1432 1025 1518 quod
1048 1432 1131 1497 male
1154 1430 1274 1496 fecerat

119 1519 316 1586 emendavit.

120 1783 222 1848 CAP.
240 1783 455 1847 XLII.—Dc
464 1786 630 1848 vinculatis
644 1787 731 1866 opud
741 1783 860 1848 Noa-nni
874 1785 1018 1848 Castrum
1033 1787 1090 1866 qni
1102 1786 1139 1847 de
1150 1803 1273 1847 carcerc

202 1891 263 1952 per
278 1873 424 1934 visionem
439 1875 555 1951 eqressi
568 1881 648 1948 sunt,
661 1881 690 1935 et
703 1874 748 1936 ad
760 1874 919 1936 ecclesiam
930 1871 1037 1934 Sancti
1052 1875 1214 1947 venientes,
1231 1873 1272 1934 cb

207 1961 337 2020 instanti
351 1967 445 2020 morte
459 1979 551 2039 qrmm
566 1967 742 2022 maritarunt
754 1961 878 2022 liberati
892 1965 972 2020 sunt.

167 2130 269 2194 Erant
291 2130 378 2214 apud
395 2129 524 2194 Novum
545 2131 721 2196 Castellum
737 2132 784 2196 rei
799 2130 930 2216 quidam
946 2129 1078 2193 vinculis
1095 2129 1219 2206 irretiti,
1237 2142 1272 2194 et

117 2241 180 2304 pro
195 2216 258 2280 suis
274 2217 446 2281 damnandi
462 2217 634 2282 sceleribus
647 2241 656 2294 ;
673 2217 728 2305 qui
738 2217 856 2282 cotidie
869 2216 976 2304 aliquo
989 2216 1144 2282 tormenti
1153 2239 1273 2301 genere

121 2305 274 2370 miseram
297 2317 434 2368 mortem
458 2306 684 2389 expectabant.
733 2305 860 2369 Horum
879 2304 979 2388 pedes
1000 2303 1095 2388 cippo
1119 2304 1274 2368 teneban-

120 2406 186 2470 tur,
204 2405 237 2456 et
253 2391 374 2468 anulis3
390 2392 474 2456 colla
488 2391 586 2470 ferro,
599 2415 711 2456 manus
728 2391 861 2456 vinculis
873 2392 1100 2466 arctabantur3
1116 2404 1149 2454 et
1165 2390 1273 2454 inedie

120 2481 214 2543 famis
230 2478 350 2556 afflicti,
367 2478 452 2543 fame
467 2479 657 2544 laborabant
672 2493 706 2544 et
721 2479 819 2544 ferro.
868 2479 947 2542 Erat
964 2501 1043 2566 ergo
1059 2477 1156 2542 anxia
1170 2479 1274 2542 malo-

119 2589 192 2630 rum
202 2566 310 2643 facies,
321 2565 472 2652 quoniam
482 2567 630 2632 debilitas
641 2589 823 2652 corporum,
831 2578 865 2630 et
874 2568 1009 2630 carceris
1019 2565 1143 2642 horror,
1156 2588 1275 2651 angus-

121 2654 168 2718 tia
189 2653 291 2729 famis,
316 2666 350 2717 et
372 2653 449 2717 ferri
472 2655 607 2738 pondus,
632 2677 759 2718 omnem
783 2653 829 2717 eis
852 2653 1011 2718 evadendi
1033 2675 1123 2737 spem
1141 2652 1273 2736 penitus

118 2741 336 2824 denegabant.
357 2740 553 2813 Quaerebant
565 2740 663 2824 igitur
674 2764 770 2825 opem
782 2740 802 2803 t
812 2740 965 2817 Domino,
1005 2762 1080 2803 uum
1096 2739 1130 2801 in
1142 2739 1273 2804 homine

118 2828 276 2892 fiduciam
290 2849 355 2890 non
370 2826 545 2891 habebant.
593 2829 807 2914 Agebantque
823 2827 910 2911 apud
925 2763 1004 2890 illul
1019 2849 1053 2890 se
1069 2826 1110 2888 de
1128 2825 1273 2889 Domino

119 2916 248 2980 audisse
271 2913 358 3001 quod
380 2937 465 2998 saepe
488 2913 573 2978 levat
589 2937 710 2998 poenas,
727 2926 901 3000 ereptaque
916 2912 1049 2998 praemia
1063 2912 1180 2990 reddit,
1198 2935 1272 2976 cum

118 3004 205 3067 bene
218 3003 342 3086 peccati
358 3000 542 3085 poenituisse
559 3000 658 3066 videt.
706 3000 861 3064 Paenituit
877 2999 954 3065 lacti
970 3002 1115 3077 miseros,
1125 3022 1273 3084 superos-

143 3112 184 3153 ue
206 3101 388 3174 precantur,
416 3087 545 3152 fletibus
572 3111 629 3152 ora
655 3088 771 3177 rigant,
800 3088 878 3152 talia
899 3101 1007 3152 mente
1022 3100 1149 3171 gerunt.
1203 3097 1225 3128 ‘⁶
1242 3088 1274 3153 Ο

119 3113 235 3242 lteust
258 3199 279 3239 o
301 3174 414 3240 fortis!
439 3199 459 3239 o
475 3177 550 3240 vitae
573 3175 663 3260 panis
679 3191 712 3240 et
728 3176 859 3240 auctori
884 3197 971 3252 erue,
989 3176 1088 3253 solve,
1105 3175 1187 3251 leva,
1201 3198 1274 3240 cor-

118 3285 212 3348 pora,
236 3262 351 3340 vincla,
376 3263 523 3327 famem.'’
570 3263 678 3328 Nocte
702 3286 778 3327 vero
792 3263 855 3349 qud
870 3261 1041 3326 decollatio
1061 3261 1170 3325 Sancti
1190 3263 1275 3347 Bap-

118 3351 205 3414 tistae
233 3349 331 3414 Cristi
353 3350 534 3414 celebratur
557 3364 590 3414 et
613 3350 739 3427 colitur,
764 3373 838 3414 cum
860 3372 948 3434 aegro
972 3347 1079 3432 sopori
1094 3348 1201 3412 miseri
1218 3349 1274 3412 vix

119 3440 256 3502 menbra
282 3436 458 3514 dedissent,
486 3437 608 3500 audivit
635 3437 766 3523 quidam
793 3459 905 3500 eorum
931 3435 965 3498 in
992 3435 1120 3512 somnis,
1150 3449 1185 3498 ut
1213 3437 1274 3500 sibi

119 3525 303 3601 videbatur,
332 3547 446 3588 vocem
473 3523 699 3610 inquirentem,
724 3546 780 3588 cur
803 3522 847 3586 ibi
871 3535 1059 3586 tenerentur
1082 3521 1194 3586 inclusi
1206 3547 1215 3598 ;
1240 3537 1274 3588 et

120 3611 250 3697 adjecit,
279 3610 426 3676 “Nolite
453 3610 578 3688 timere,
605 3633 669 3674 non
693 3611 792 3676 modo
816 3610 1007 3674 moriemini.
1054 3608 1161 3674 Nocte
1188 3609 1275 3674 enim

119 3697 341 3764 translationis
368 3697 477 3762 Sancti
503 3699 686 3777 Cuthberti,
711 3721 784 3784 quae
806 3719 891 3761 nunc
914 3720 1017 3782 nuper
1035 3697 1145 3762 futura
1159 3711 1219 3776 est,
1235 3698 1277 3762 li-

119 3785 311 3851 berabimini
334 3785 353 3848 b
376 3785 508 3848 vinculis
531 3786 655 3850 vestris.
705 3786 803 3859 Quod
826 3809 900 3849 cum
924 3784 1067 3849 videritis
1091 3785 1273 3874 contigisse,

121 3873 259 3937 viriliter
281 3871 379 3955 agite,
404 3885 437 3936 et
460 3873 661 3938 confortetur
684 3895 740 3936 cor
755 3886 917 3937 vestrum:
946 3884 1162 3958 exeuntesque
1185 3873 1275 3938 festi·

120 3972 239 4024 nanter
260 3960 303 4024 de
326 3981 464 4036 carcere,
491 3959 755 4044 Tynemudtham
777 3960 818 4024 ad
838 3960 1007 4024 ecclesiam
1025 3959 1136 4023 Sancti
1152 3959 1274 4023 Oswini

120 4061 306 4132 properate,
331 4046 469 4132 Deoque
492 4059 524 4109 et
548 4047 607 4131 ipsi
630 4069 689 4131 pro
714 4048 819 4110 vestra
841 4046 1006 4131 ereptione
1022 4045 1142 4128 gratias
1156 4047 1274 4128 agite.”

122 4135 169 4199 Et
193 4134 240 4196 his
264 4132 369 4208 dictis,
387 4132 552 4196 conticuit.
598 4134 631 4196 Is
646 4147 755 4198 autem
770 4133 934 4217 evigilans,
952 4131 1045 4196 sociis
1061 4154 1134 4217 quae
1151 4131 1275 4196 viderat

122 4221 296 4285 enarravit.
338 4220 381 4282 Et
397 4219 552 4303 angustiis
568 4220 679 4304 pressi,
699 4220 808 4284 Deum
824 4221 933 4283 omnia
946 4241 1041 4302 posse
1057 4219 1277 4297 confitentum

119 4308 184 4372 hoc
208 4320 317 4371 autem
338 4307 390 4370 vel
404 4306 502 4386 nolle,
520 4306 571 4370 vel
588 4306 642 4370 vix
657 4329 759 4391 posse,
776 4305 883 4370 miseri
898 4307 1101 4388 profitentur.
1147 4309 1277 4390 Angus-

120 4395 177 4458 tiae
200 4393 288 4459 enim
312 4407 403 4458 erant
426 4393 587 4480 undique3
610 4407 643 4458 et
666 4394 746 4479 quid
769 4393 948 4469 crederent,
973 4391 1175 4476 ignorabant.
1224 4395 1276 4457 Ab

119 4481 176 4546 illo
200 4495 311 4547 tamen
334 4480 386 4544 die
409 4492 502 4544 erant
524 4480 675 4546 fiduciam
696 4480 852 4544 habentes
868 4479 901 4542 in
918 4479 1072 4558 Domino,
1089 4491 1122 4543 et
1141 4480 1276 4544 Sanctos
