3094 5292
281 444 330 510 30
723 463 815 512 vrrs
844 462 983 512 oswrur

278 621 400 688 invidet
436 622 490 688 ille
527 623 637 688 fautor
675 623 915 690 inobedientiae.
960 621 1143 701 ‚Laborant
1181 630 1327 708 uterque,
1367 619 1424 686 sed

279 709 418 774 multum
434 710 570 776 diverse.
618 711 743 790 Frater,
760 724 796 775 ut
815 708 957 795 incoepta
971 709 1138 794 proficiat;
1161 707 1371 791 adversarius,
1390 724 1426 772 ut

280 818 353 859 eum
367 796 497 862 deiciat.
545 797 609 862 Iste
624 814 661 861 ut
679 797 836 882 proficiat,
850 796 904 861 ille
920 797 998 860 verb
1013 808 1049 860 ut
1065 795 1202 859 officiat:
1225 795 1314 881 quod
1329 811 1364 858 et
1378 817 1427 859 se-

280 904 381 967 quens
401 905 509 946 rerum
533 884 671 964 astruxit
696 897 840 948 eventus.
888 884 972 948 Cum
998 882 1085 946 enim
1108 882 1207 946 frater
1227 883 1297 966 jam
1322 881 1426 945 dictus

279 989 375 1054 super
390 971 496 1034 trabes
508 969 667 1034 ulterioris
682 970 780 1055 partis
793 969 971 1033 dormitorii
986 969 1132 1046 fratrum,
1150 969 1236 1054 quod
1254 982 1330 1032 tunc
1345 981 1428 1031 tem-

279 1055 365 1138 poris
381 1057 584 1139 operabatur,
603 1070 713 1157 staret,
729 1057 880 1157 quatinus
896 1056 1018 1120 scilicet
1033 1055 1148 1119 solium
1163 1055 1244 1118 sicut
1259 1054 1330 1118 fieri
1345 1054 1427 1118 solet
1535 1109 1536 1122 .

280 1141 321 1205 de
337 1141 430 1226 lignis
446 1143 636 1229 quibusdam
652 1144 817 1208 latrorrbus
833 1142 998 1227 etspissis,
1015 1141 1188 1206 artificioso
1200 1141 1278 1204 inibi
1290 1142 1427 1206 colloca·
1453 1209 1456 1214 ,

279 1239 329 1291 ret
345 1228 468 1307 ordine,
486 1230 570 1294 forte
586 1230 662 1294 alias
681 1231 860 1307 intendens,
878 1229 1005 1292 sinistro
1027 1227 1110 1313 pede
1126 1227 1287 1292 incautius
1308 1227 1425 1312 posito,
1535 1279 1536 1292 .

279 1314 401 1399 pariter
416 1338 489 1380 cum
505 1316 592 1400 ligno
607 1317 747 1402 quodam
762 1315 876 1400 grandi
891 1315 979 1401 quod
995 1315 1077 1380 male
1093 1315 1282 1392 calcaverat,
1300 1315 1342 1378 ad
1364 1314 1428 1377 ima

281 1400 453 1465 delabitur.
501 1402 572 1466 Lon
597 1404 739 1468 dtamen
754 1402 848 1466 aliter
863 1423 960 1488 quam
982 1401 1110 1486 spiritus
1124 1402 1266 1464 mendax
1287 1401 1428 1485 praedix-

282 1500 362 1564 erat,
387 1487 543 1576 benignus
602 1513 658 1552 eus
686 1489 727 1553 de
750 1488 858 1554 dilecti
881 1489 930 1552 sui
955 1487 1064 1554 Sancti
1092 1487 1192 1571 Regis
1215 1499 1249 1552 et
1273 1486 1427 1573 Martyris
1535 1537 1536 1550 .

286 1572 408 1637 Oswini
427 1574 580 1639 servitore
603 1575 808 1640 deliberarat.
855 1574 949 1640 Licet
972 1575 1057 1639 enim
1079 1573 1271 1660 quibusdam
1293 1574 1427 1638 fortasse

282 1663 421 1744 peccatis
438 1661 641 1746 exigentibus
656 1663 753 1726 morti
768 1662 905 1726 vicinam
926 1661 1095 1726 incurrisse
1110 1661 1275 1724 videretur
1288 1660 1426 1737 ruinam,

283 1759 397 1830 utpote
413 1748 467 1835 qui
482 1749 551 1812 solo
567 1761 659 1813 tenus
675 1749 758 1813 inter
773 1771 852 1813 saxa
867 1764 899 1813 et
914 1749 1002 1832 ligna
1022 1747 1075 1811 bic
1090 1747 1165 1811 inde
1188 1747 1303 1832 posita,
1320 1769 1428 1811 casum

283 1833 460 1897 altitudinis
485 1836 603 1919 pedum
629 1835 830 1920 undeviginti
856 1848 889 1898 et
917 1859 956 1900 eo
981 1834 1115 1918 amplius
1139 1834 1291 1909 fecisset;
1318 1847 1425 1898 tamen

285 1919 360 1984 Deo
383 1920 571 2005 opitulante,
596 1945 654 2006 per
681 1923 790 1986 Sancti
812 1923 861 1985 sui
890 1921 1043 2008 Martyris
1066 1922 1160 1985 solita
1186 1921 1347 2004 suffragia,
1365 1944 1427 1983 non

284 2006 388 2070 solum
403 2030 438 2072 os
451 2009 518 2092 ejus
534 2009 656 2072 nullum
671 2009 809 2072 fractum
820 2021 880 2085 est,
892 2008 949 2072 scd
965 2030 1024 2071 nec
1036 2007 1166 2093 quidern
1181 2007 1263 2071 cutis
1279 2007 1429 2072 extremi-

284 2107 333 2159 tas
349 2105 467 2178 praeter
476 2094 740 2179 solitum'pedum
753 2095 962 2160 valitudinem
973 2095 1086 2182 (pedes
1102 2097 1187 2160 enim
1203 2116 1288 2178 saepe
1301 2094 1430 2158 doleba-
1535 2111 1536 2134 ³

284 2182 352 2268 tur)
366 2180 566 2267 aliquatenus
576 2183 719 2247 laesaest.
745 2251 749 2258 ,
768 2184 915 2268 Cumque
928 2182 1069 2265 ejusdem
1080 2195 1305 2265 cooperatores
1316 2181 1429 2245 flentes
1535 2231 1536 2258 ,

284 2280 498 2346 accurrerent,
515 2281 552 2334 ut
568 2292 682 2354 corpus
698 2269 786 2355 quod
802 2271 873 2353 jam
891 2268 1004 2333 elisum
1027 2269 1200 2332 credebant
1219 2281 1253 2332 et
1268 2267 1427 2345 exanime,
1535 2271 1536 2340 l

283 2353 376 2418 citius
392 2354 555 2432 efferrent,
569 2355 677 2420 vident
690 2379 765 2419 eum
778 2355 833 2419 ubi
848 2367 956 2419 ruerat
969 2354 1146 2431 sedentem,
1160 2355 1323 2441 pedesque
1339 2355 1428 2418 durn-

285 2453 376 2506 taxat
391 2462 487 2524 supra
501 2463 581 2528 quos
600 2441 771 2519 ceciderat,
788 2442 884 2505 solito
902 2439 1030 2524 gravius
1050 2441 1224 2506 dolentem.
1272 2441 1317 2505 Et
1338 2441 1430 2506 lacri·
1535 2461 1536 2528 p

284 2527 445 2593 mantibus
463 2527 535 2605 illis,
552 2550 589 2591 ac
604 2550 699 2611 super
721 2528 770 2590 his
785 2550 859 2614 quae
875 2527 1037 2604 videbant,
1055 2550 1120 2590 non
1142 2550 1256 2612 parum
1275 2527 1430 2613 stupenti·
1535 2529 1536 2560 l

284 2615 355 2691 bus,
372 2613 520 2678 alacriter
535 2615 600 2690 ait3
618 2613 765 2679 “Nolite
781 2615 905 2692 timere,
923 2614 981 2678 sed
1002 2616 1177 2678 securiores
1192 2613 1316 2690 redite3
1340 2627 1373 2679 et
1389 2614 1430 2678 ad

285 2700 490 2785 sepulchrum
505 2700 685 2765 Beatissimi
704 2701 836 2765 Patroni
845 2701 945 2764 nostri
961 2723 1012 2764 me
1025 2698 1179 2765 deferte.”
1229 2701 1272 2764 Et
1281 2701 1379 2766 allato
1390 2723 1430 2764 eo

284 2788 317 2851 in
328 2787 502 2852 claustrum
511 2787 603 2853 valde
613 2788 834 2853 condoluimus
844 2790 912 2873 ejus
924 2787 1055 2864 laesioni,
1068 2788 1219 2874 quoniam
1231 2789 1271 2852 ab
1284 2789 1430 2852 omnibus

282 2873 377 2938 ⁴nobis
404 2898 464 2960 pro
488 2897 613 2939 morum
643 2874 842 2974 benignitate
867 2898 998 2939 suorum
1028 2874 1200 2958 plurimum
1227 2874 1430 2960 diligebatur.

288 2961 391 3025 Nobis
407 2961 504 3050 igitur
519 2961 660 3026 fraterna
674 2963 734 3026 sibi
749 2962 883 3025 caritate
902 2961 1181 3046 compatientibus
1198 2973 1231 3025 et
1247 2963 1384 3049 qualiter
1399 2985 1432 3026 se
1535 2981 1536 2994 ¹

286 3048 422 3111 haberet
437 3047 679 3134 inquirentibus,
697 3047 862 3132 respondit
883 3047 1011 3123 dicens3
1038 3048 1198 3112 “Vestris
1221 3048 1430 3126 orationibus,
1535 3091 1536 3100 κ

285 3135 369 3198 bene
385 3134 510 3198 fratres.
539 3135 647 3198 Tantb
656 3134 752 3198 etiam
764 3133 861 3198 animi
877 3133 1080 3220 corporisque
1096 3157 1154 3219 per
1170 3134 1235 3199 Dei
1250 3135 1385 3220 gratiam
1399 3149 1432 3200 et

285 3219 387 3284 nostri
404 3220 558 3307 Martyris
574 3221 729 3286 auxilium
741 3220 894 3305 sospitate
907 3221 1010 3304 vigeo,
1028 3235 1065 3284 ut
1081 3236 1114 3285 et
1129 3245 1213 3286 nunc
1226 3223 1434 3372 quemadmo-

287 3307 364 3371 dum
375 3308 445 3374 heri
457 3323 490 3373 et
502 3307 730 3372 nudiustertius
743 3330 902 3392 operarer,
916 3307 975 3370 nisi
991 3309 1058 3372 sold
1072 3309 1192 3393 pedum
1204 3310 1233 3373 al
1248 3309 1348 3374 isione
1360 3332 1434 3395 pro-
1535 3317 1536 3324 ’

285 3395 423 3461 biberet.
472 3395 531 3460 Est
553 3394 710 3482 siquidem
726 3395 814 3483 quod
836 3396 940 3459 solum
962 3395 1072 3472 timec,
1090 3418 1130 3458 ne
1151 3396 1281 3481 maligni
1304 3397 1433 3482 spiritbs

287 3483 490 3568 praesagium,
507 3483 595 3569 quod
609 3482 669 3547 hac
685 3482 718 3546 in
733 3494 828 3546 nocte
851 3505 910 3567 per
925 3482 1084 3546 somnium
1100 3483 1217 3560 audivi,
1235 3507 1345 3548 verum
1361 3483 1433 3547 sit.”

292 3569 336 3633 Et
350 3570 490 3634 referens
514 3571 576 3633 hoc
598 3591 656 3652 per
671 3569 817 3633 ordinem
832 3569 920 3656 quod
935 3569 1059 3633 viderat
1071 3570 1239 3648 somnium,
1263 3570 1434 3635 “minatus

289 3658 370 3732 est,”
386 3656 488 3742 inquit
514 3655 645 3719 “etiam
660 3655 738 3720 mihi
761 3655 917 3735 diabolus,
956 3656 1010 3719 uia
1031 3656 1128 3721 hodie
1144 3659 1239 3721 ambo
1254 3680 1347 3721 crura
1362 3680 1436 3722 mea

288 3743 463 3826 frangeret,
480 3755 589 3805 utrum
604 3754 711 3807 autem
728 3766 838 3808 verum
855 3679 959 3832 (quod
977 3743 1074 3823 absit)
1091 3765 1132 3806 an
1149 3743 1275 3821 falsum,
1292 3757 1329 3808 ut
1348 3767 1436 3808 asso-

288 3830 345 3907 let,
371 3828 500 3906 dixerit,
526 3829 632 3893 adhuc
655 3829 812 3895 incertum
837 3831 974 3895 habeo.''
1021 3829 1081 3892 His
1108 3830 1224 3894 auditis
1251 3831 1435 3916 diligentius

290 3939 365 3980 eum
380 3928 601 3994 attrectantes
619 3929 653 3981 et
668 3918 788 3982 nullam
804 3916 924 3981 ossium
943 3917 1012 4000 ejus
1027 3916 1201 3981 fracturam
1223 3919 1433 4002 reperientes,

290 4002 437 4068 laudibus
449 4015 483 4067 et
498 4001 607 4088 gratiis
617 4005 658 4068 de
673 4003 843 4088 insperatae
855 4002 1011 4067 evasionis
1026 4003 1185 4068 beneficio
1202 4005 1277 4068 Deo
1289 4007 1436 4090 omnipo-

290 4092 372 4153 tenti
381 4089 525 4170 redditis,
537 4091 579 4154 ad
590 4091 794 4176 sepulchrum
810 4089 903 4154 Beati
921 4089 1074 4178 Martyris
1085 4113 1159 4154 eum
1174 4091 1436 4176 sicutrogaverat

290 4176 474 4242 detulimus.
527 4179 628 4263 Cujus
652 4177 774 4241 meritis
800 4187 835 4240 et
857 4176 1004 4261 precibus
1031 4199 1090 4262 pro
1110 4177 1230 4242 famulo
1260 4201 1318 4242 suo
1348 4181 1438 4265 apud

292 4263 401 4328 Derim
419 4263 714 4341 intervenientibus,
731 4277 765 4328 et
784 4263 926 4348 periculo
944 4264 1056 4329 mortis
1071 4265 1209 4330 eundem
1224 4279 1349 4331 constat
1365 4289 1437 4332 esse

289 4350 458 4430 salvatum,
471 4364 504 4416 et
519 4351 662 4436 pristinae
677 4351 771 4416 saluti
786 4351 906 4435 pariter
920 4364 954 4416 et
969 4351 1057 4435 operi
1073 4364 1266 4436 reparatum.
