3132 5286
309 391 358 470 78
419 403 425 414 ·
686 404 876 455 mannans
904 404 954 454 na
982 404 1082 452 onru

309 590 382 634 cum
407 567 560 632 lanceolis
585 567 659 631 hinc
684 565 815 631 atinde
840 579 1019 642 accurrunt,
1043 579 1077 629 et
1099 564 1268 632 innocuam
1287 571 1455 636 mulierem

310 657 509 720 transfodere
532 678 569 719 ac
592 654 737 718 occidere
761 654 957 717 festinarunt.
1010 645 1098 716 Idem
1123 674 1202 737 puer
1223 659 1359 732 intuens,
1376 677 1457 724 mox

309 747 349 807 ad
377 765 466 806 arma
492 742 643 806 orationis
668 739 875 817 convertitur,
901 753 933 804 et
957 740 1136 803 Dominum
1159 765 1218 827 pro
1243 747 1455 812 tantaecladia

310 831 434 894 miseria
450 830 608 905 evitanda,
626 828 833 914 supplicando
851 827 1051 892 devotissime
1068 829 1271 912 deprecatur.
1321 834 1364 897 Et
1379 837 1456 921 quia

310 917 457 1002 precibus
483 917 712 1000 postulantium
740 915 803 978 Dei
830 914 1001 978 clementia
1027 917 1137 979 abesse
1161 941 1226 982 non
1243 920 1356 999 renuit,
1375 926 1454 988 dum

307 1005 389 1068 alter
405 1005 495 1069 alteri
512 1026 680 1068 occurrere
696 1002 819 1078 debuit,
837 1004 958 1066 socium
975 1002 1032 1065 sibi
1046 1005 1176 1067 obvium
1188 1021 1220 1069 et
1233 1025 1456 1075 occursantem

308 1107 440 1176 repente
456 1091 609 1155 confodit.
654 1092 769 1175 Sicque
785 1086 830 1152 illi
842 1104 906 1152 tres
916 1089 948 1152 in
962 1090 1099 1155 invicem
1110 1093 1249 1156 confossi
1260 1101 1453 1177 occubuere,

309 1193 343 1244 et
368 1180 399 1242 in
425 1195 587 1243 momento
614 1179 687 1242 Deo
712 1177 834 1241 vindice
859 1177 989 1260 periere.
1038 1181 1125 1242 Area
1141 1179 1258 1245 deinde
1275 1187 1457 1268 composita

309 1271 474 1330 sarmentis
499 1272 709 1351 undecunque
733 1265 886 1342 collectis,
911 1278 943 1328 et
967 1269 998 1328 in
1021 1267 1125 1330 acervi
1142 1290 1263 1332 morem
1281 1277 1455 1358 congestis,

310 1377 387 1418 tnox
410 1358 517 1437 ignem
541 1354 581 1416 de
594 1353 681 1418 silice
697 1375 847 1435 percusso
863 1350 1002 1430 eliciunt,
1017 1370 1050 1417 et
1065 1353 1202 1418 incensis
1219 1377 1456 1426 sarmentorum

309 1441 464 1524 ligneolis,
482 1463 514 1503 se
531 1440 752 1506 calefecerunt.
802 1439 953 1525 Miroque
970 1441 1105 1528 contigit
1123 1443 1220 1506 modo
1238 1462 1271 1510 ut
1287 1471 1306 1510 a
1321 1449 1374 1512 die
1390 1449 1455 1527 illa,

309 1551 346 1592 ac
374 1528 536 1612 deinceps,
562 1549 661 1614 usque
685 1526 716 1588 in
735 1527 922 1590 hodiernum
939 1527 1035 1606 diem,
1049 1552 1124 1593 area
1140 1530 1208 1615 ipsa
1224 1534 1371 1618 ligneolis
1388 1539 1456 1603 sive

309 1616 478 1680 sarmentis
502 1613 754 1700 superimpositis
778 1635 834 1694 per
857 1637 890 1678 se
907 1615 964 1679 fiat
978 1618 1151 1700 ignivoma,
1170 1642 1266 1704 quam
1281 1621 1398 1690 incolae
1414 1649 1458 1690 ex

308 1703 423 1769 metito
447 1706 538 1788 pueri
560 1705 645 1768 illius
667 1702 849 1788 provenisse
865 1702 1035 1768 affirmant.

751 2010 870 2093 [aar.
887 2011 1000 2098 xxi]

352 2237 397 2300 At
414 2251 524 2312 mater,
542 2237 660 2299 exinde
677 2237 868 2320 procedens,
883 2237 1007 2300 eumad
1021 2238 1098 2300 fines
1113 2240 1230 2305 Scotiae
1243 2247 1456 2326 pervenisset,

311 2325 446 2388 Sanctus
471 2325 632 2388 Columba
654 2323 775 2408 primus
798 2326 966 2408 episcopus
989 2324 1019 2386 in
1040 2327 1171 2390 Dunkel
1194 2352 1329 2412 puerum
1347 2359 1457 2401 susce-

307 2414 364 2495 pit,
390 2435 514 2497 unaqne
537 2433 609 2474 cum
637 2411 777 2494 puellula
791 2411 939 2496 quadam,
958 2413 1088 2476 nomine
1103 2417 1244 2503 Brigida,
1262 2442 1305 2483 ex
1324 2421 1456 2508 Hybet-

307 2501 361 2562 nia
390 2499 525 2562 oriunda
554 2498 692 2574 retinuit,
718 2514 751 2562 et
778 2499 972 2584 aliquamdiu
998 2501 1155 2567 educavit.
1216 2506 1362 2572 Tandem
1391 2527 1456 2576 tres

306 2589 460 2650 australes
484 2585 590 2648 clerici
616 2587 656 2650 tle
683 2586 813 2669 regione
841 2587 1030 2673 Anglorum,
1059 2591 1111 2675 qui
1140 2591 1172 2654 in
1189 2595 1332 2660 excubiis
1349 2621 1455 2664 secre-

308 2673 441 2737 tioribus
474 2673 632 2758 Episcopo
657 2674 883 2748 deservierant,
910 2675 1016 2756 pueris
1036 2676 1117 2760 ipsis
1145 2679 1187 2744 ob
1211 2681 1453 2750 familiariorem

306 2761 427 2825 domini
449 2762 496 2825 sui
520 2763 655 2850 gratiam
674 2760 814 2824 insidiari
830 2783 867 2825 ac
884 2762 1026 2827 invidere
1043 2787 1105 2828 non
1124 2767 1324 2840 desinebant.
1373 2775 1455 2839 Erat

304 2851 402 2932 igitur
414 2849 572 2935 predicto
590 2849 749 2934 Episcopo
758 2851 835 2926 avis,
851 2849 946 2936 vulgo
958 2852 1079 2915 merula
1090 2869 1212 2932 vocata,
1224 2879 1297 2942 quae
1311 2860 1454 2926 humano

304 2939 543 3022 quodammodo
570 2937 695 3012 edocta,
722 2937 868 3000 omnibus
894 2961 965 3001 eam
994 2962 1134 3022 pascere,
1161 2961 1374 3025 contrectare,
1401 2952 1452 3014 vel

304 3027 435 3109 palpare
457 3026 646 3098 volentibus,
663 3037 733 3086 erat
749 3025 959 3106 pacatissima,
977 3027 1162 3106 domestica,
1181 3055 1218 3096 ac
1235 3037 1455 3100 mansuetissi-

305 3133 366 3175 ma.
426 3112 477 3174 Ex
501 3135 565 3197 qua
588 3110 754 3173 occasione
785 3127 951 3195 concepta,
981 3115 1126 3179 clanculo
1156 3120 1311 3185 aviculam
1344 3125 1453 3188 clerici

303 3219 479 3282 peremere,
504 3201 664 3283 ipsiusque
688 3219 801 3260 necem
821 3200 930 3295 pueris
947 3223 1019 3264 com
1036 3202 1239 3270 accusatione
1258 3211 1454 3296 nequissima

303 3287 495 3370 imposuere.
554 3286 647 3350 Pueri
676 3307 751 3348 vero
777 3285 954 3348 adinvicem
981 3291 1096 3366 moesti,
1120 3293 1239 3358 facinus
1267 3296 1451 3382 impositum

303 3376 518 3459 abnegabant.
565 3374 741 3458 Episcopus
765 3387 871 3436 tamen
895 3374 970 3437 satis
986 3376 1117 3441 istorum
1132 3383 1283 3464 cognovit
1298 3387 1452 3451 innocen-

303 3463 390 3533 tiam,
416 3477 448 3526 et
465 3462 599 3526 aliorum
617 3484 695 3544 erga
711 3462 780 3524 illos
797 3463 980 3546 nequltiam,
994 3486 1051 3527 nec
1065 3480 1171 3530 tamen
1188 3469 1266 3533 alios
1283 3473 1352 3535 aliis
1369 3498 1452 3557 prae-

302 3574 423 3636 ponere
436 3551 546 3625 voluit,
561 3551 617 3612 sed
630 3549 891 3612 contendentium
902 3551 1021 3634 probra
1034 3553 1227 3620 conticendo
1240 3563 1449 3645 compescuit.

303 3639 376 3701 Tali
393 3639 601 3700 accusationis
619 3635 751 3698 crimine
766 3636 857 3718 pueri
873 3638 904 3699 in
922 3659 954 3700 se
971 3639 1106 3718 confusi,
1124 3643 1165 3705 ad
1181 3650 1449 3730 expostulandam

302 3724 437 3789 Domini
462 3745 603 3805 superse
623 3722 832 3800 clementiam,
851 3725 989 3788 exanimi
1013 3742 1082 3789 toto
1098 3733 1266 3798 conamine
1283 3751 1357 3799 sunt
1373 3760 1450 3800 cou-

303 3815 394 3874 versi.
443 3811 540 3874 Unde
565 3809 596 3872 in
621 3813 781 3894 presentia
799 3812 951 3896 Episcopi
967 3814 1073 3896 positi,
1092 3837 1170 3900 puer
1189 3821 1388 3887 Cuthbertus
1404 3829 1451 3890 ita

303 3901 342 3963 ad
370 3900 475 3965 Deum
500 3898 633 3982 perfusis
658 3899 805 3982 precibus
828 3923 961 3962 exorsus
977 3920 1035 3966 est.
1084 3915 1105 3944 ‘⁶
1123 3906 1186 3983 Tu,
1206 3906 1307 3986 Deus,
1325 3917 1451 3978 consci-

302 3986 459 4050 entiarum
476 3989 616 4050 omnium
636 3987 795 4070 inspector
810 4003 841 4051 et
856 3987 985 4063 arbiter,
1004 4005 1109 4055 utrum
1124 4015 1179 4058 nos
1193 3996 1343 4063 facinoris
1357 3997 1451 4085 hujus

300 4075 452 4138 fuerimus
467 4095 667 4150 executores,
683 4076 724 4138 da
739 4074 891 4138 indicium
909 4089 972 4138 tuae
990 4079 1234 4162 magnificentiae
1250 4109 1286 4148 ac
1301 4093 1424 4152 virtutis
1439 4116 1450 4166 ς

300 4161 437 4249 petimus
460 4179 495 4228 ut
510 4165 698 4250 quantocius
713 4162 822 4250 qualia
836 4165 1094 4243 commeruimus
1112 4190 1196 4232 nunc
1212 4171 1352 4240 instante
1368 4176 1452 4243 hora

300 4252 532 4338 percipiamus,
556 4251 632 4335 quia
652 4249 679 4312 si
705 4271 809 4336 neque
834 4251 930 4314 talem
957 4274 1096 4338 unquam
1113 4261 1319 4344 concepimus
1335 4267 1452 4354 nequi-

300 4343 390 4418 tiamt,
411 4355 469 4404 aut
490 4339 648 4424 perlicere
668 4337 927 4417 deliberavimus,
951 4339 1156 4410 obsecramus
1172 4361 1220 4427 ut,
1238 4349 1377 4420 dextera
1393 4371 1453 4420 tua

1553 805 1560 1076 Ι

1555 1086 1560 1242 l

1457 3273 1462 3285 1

1463 3303 1467 3311 ι

1549 4529 1555 4536 a
