3094 5292
268 466 316 534 98
705 484 797 534 vira
823 484 962 535 oswnu

267 645 368 722 dictu,
385 666 453 728 prae
468 644 566 708 nimio
582 644 692 709 dolore
707 645 844 710 multum
859 643 982 708 sudoris
997 664 1147 708 emanans
1162 642 1360 720 extenditur,
1375 665 1411 707 ac

269 731 423 796 soliditati
439 732 580 816 pristinae
590 732 720 816 recepte
731 731 883 816 sospitate
899 729 1089 794 restituitur.
1138 728 1260 794 Oculus
1274 751 1412 814 namque

267 817 397 885 detersti
412 818 546 902 caligine
561 818 768 903 illuminatur.
804 817 923 882 Manbs
939 838 1067 903 quoque
1083 816 1301 894 valitudinem,
1315 815 1412 880 immo

268 904 367 968 totius
383 904 528 970 dexterae
547 905 646 989 partis
658 905 799 990 corporis
815 903 863 967 sui
878 904 1049 968 sanitatem
1062 903 1178 966 mulier
1199 911 1412 987 promeretur.

271 989 365 1064 Flent
380 991 516 1056 universi
537 1014 603 1076 prae
621 993 751 1076 gaudio.
798 990 957 1074 Praecipui
978 990 1024 1054 illi
1046 990 1189 1074 gaudent
1204 1001 1238 1054 et
1254 989 1411 1066 exultant,

269 1076 366 1141 vieini
387 1079 455 1162 ejus
478 1078 598 1143 scilicet
619 1093 652 1142 et
675 1078 831 1154 concives,
847 1077 907 1164 qui
925 1099 999 1141 earn
1022 1075 1197 1140 diutissime
1220 1076 1412 1140 infirmatam

267 1176 435 1242 noverant,
449 1179 482 1229 et
491 1164 659 1230 infirmatae
674 1165 783 1229 multis
791 1163 826 1228 in
837 1162 1077 1228 necessitatibus
1089 1164 1315 1228 subvenerant.
1363 1161 1412 1225 Pii

266 1249 398 1336 inquam
425 1251 586 1316 diuturnae
612 1252 828 1316 consolatores
850 1249 1055 1328 infirmitatis,
1078 1250 1161 1314 fiunt
1182 1249 1292 1314 idonei
1314 1256 1412 1313 testes

267 1347 408 1423 receptae
431 1338 585 1402 sanitatis
636 1337 724 1411 Quid
746 1339 866 1421 plura?
914 1337 1062 1402 Clamare
1085 1335 1183 1421 coepit
1205 1337 1354 1420 populus,
1379 1347 1411 1400 et

269 1423 388 1488 dicere.
435 1434 458 1465 “
471 1423 556 1488 Vere
570 1424 721 1489 mirabilis
746 1423 885 1488 Deus'in
904 1422 1028 1488 Sanctis
1043 1422 1117 1500 suis,
1134 1424 1209 1488 vere
1229 1423 1364 1487 Sanctus
1379 1421 1411 1484 in

269 1510 418 1594 operibus
443 1511 537 1575 suis?
584 1511 738 1596 Martyris
760 1511 908 1574 meritum
933 1509 1138 1594 praedicatur,
1169 1509 1248 1574 fides
1271 1507 1411 1572 mulieris

267 1596 479 1662 collaudatur.
518 1596 602 1671 Quae
612 1619 670 1682 per
681 1597 750 1662 dies
765 1609 840 1662 octo
852 1609 977 1662 morata
991 1597 1024 1658 in
1033 1595 1237 1672 monasterio,
1251 1609 1324 1679 post
1339 1595 1411 1659 red-

269 1683 352 1747 ditas
369 1683 443 1748 Deo
454 1697 488 1748 et
503 1685 624 1749 Sancto
641 1684 779 1783 Martyri
794 1684 924 1768 gratias,
941 1683 1106 1747 incolumis
1121 1695 1155 1747 et
1170 1683 1245 1746 laeta
1259 1677 1410 1746 orationis

269 1771 365 1833 causa
376 1770 409 1832 in
429 1771 593 1836 Scothiam
608 1787 767 1854 porrex1t3
785 1771 860 1854 jure
875 1771 1012 1836 reddens
1029 1769 1171 1835 Domino
1186 1781 1308 1847 sanata,
1324 1768 1412 1856 quod

267 1854 429 1922 infirmata
442 1869 586 1922 noverat.

266 2117 371 2182 CAP.
395 2119 451 2181 XI
454 2118 486 2180 V
483 2119 683 2196 .-Qualiter
696 2121 833 2200 quidam,
854 2118 995 2182 Arkillua
1009 2121 1138 2193 nominc,
1155 2119 1193 2180 da
1207 2119 1273 2198 ey'ur
1287 2119 1411 2206 ecclesie

355 2207 393 2268 de
412 2206 622 2285 Tynemudtld
637 2207 676 2268 nb
690 2207 754 2268 alto
763 2208 990 2286 precipitatus,
1008 2206 1098 2286 infra
1115 2224 1236 2284 paucos
1250 2206 1316 2268 dies
1331 2207 1412 2267 inco

356 2294 447 2354 lamis
461 2294 505 2355 ad
517 2300 644 2372 capam
658 2311 735 2372 opus
749 2295 849 2355 rediit.

316 2462 441 2526 Eodem
456 2484 584 2548 quoque
599 2484 683 2526 anno
697 2461 732 2526 in
747 2461 799 2525 die
815 2461 995 2526 festivitatis
1015 2462 1206 2526 Sanctorum
1230 2461 1412 2547 Martyrum

272 2548 423 2613 Mauricii
444 2549 666 2634 sociorumque
682 2548 761 2632 ejus,
778 2548 914 2611 vidimus
936 2549 1043 2632 plures
1065 2548 1121 2634 qui
1142 2548 1301 2626 affuimus,
1319 2561 1352 2612 et
1367 2549 1412 2612 vi-

267 2637 385 2712 dentes
397 2635 567 2713 doluimus,
576 2633 757 2719 operarium
767 2634 924 2720 quendam
932 2635 1092 2698 Arkillum
1104 2634 1413 2712 nomine‚hominem

266 2722 506 2805 corpulentum,
526 2721 567 2786 de
589 2721 740 2786 altissime
761 2722 927 2806 cujusdam
948 2723 1048 2805 partis
1069 2722 1209 2786 basilicae
1230 2734 1349 2786 nostrae
1371 2722 1412 2786 de

273 2809 504 2894 Tynemudthb
522 2808 660 2873 statione
683 2831 778 2893 super
796 2808 933 2892 grandes
947 2821 983 2872 et
1005 2823 1115 2874 acutos
1130 2808 1253 2893 lapides
1276 2808 1322 2872 ita
1344 2829 1413 2872 eor-

269 2897 381 2973 ruisse,
399 2906 435 2958 ut
451 2907 483 2959 et
498 2907 594 2979 caput
606 2896 673 2979 ejus
688 2895 899 2978 frangeretur,
916 2917 953 2959 ac
968 2895 1049 2979 pene
1065 2905 1136 2958 toto
1151 2917 1286 2980 corpore
1302 2895 1413 2958 colliso

268 2981 433 3066 expirbsse
456 2981 629 3046 videretur.
678 2983 825 3067 Cumque
847 2983 889 3046 ad
912 3004 986 3046 eum
1003 2981 1209 3060 venissemus,
1231 2993 1265 3045 et
1287 2982 1329 3046 de
1345 2983 1413 3066 ejus

267 3070 375 3134 salute
389 3068 439 3131 vel
451 3067 516 3132 vita
530 3067 757 3145 diffideremus
771 3067 901 3131 tandem
918 3069 992 3132 Deo
1006 3068 1151 3153 propicio
1165 3068 1323 3153 respirans
1338 3089 1414 3132 ocu·

269 3155 319 3220 los
335 3153 450 3238 aperit,
473 3153 564 3240 quasi
581 3167 683 3218 morte
706 3165 866 3238 gravatos
913 3153 985 3218 Nec
1000 3177 1112 3219 mora:
1136 3155 1225 3241 loqui
1246 3155 1363 3238 potuit,
1380 3165 1414 3219 et

272 3253 345 3326 post
365 3241 506 3305 triduum
524 3239 720 3318 melioratus,
738 3240 888 3304 fratribus
912 3241 985 3306 Deo
1002 3241 1342 3328 Sanctoque'Martyri
1356 3264 1415 3304 suo

273 3329 378 3394 Beato
406 3327 535 3392 Oswino
553 3327 631 3392 inibi
646 3327 908 3406 deservientibus,
925 3327 1106 3392 orationem
1127 3351 1187 3412 pro
1209 3329 1323 3392 eodem
1339 3327 1416 3391 faci·

265 3415 409 3492 entibus,
420 3414 506 3479 intra
517 3437 634 3498 paucos
647 3413 714 3478 dies
725 3414 889 3478 incolumis
902 3428 937 3478 ut
946 3428 1021 3480 ante
1030 3415 1156 3501 operari
1165 3414 1273 3499 coepit.
1311 3411 1415 3479 Valde

269 3502 368 3586 igitur
378 3501 486 3565 mirari
498 3523 672 3586 possemus,
684 3500 798 3565 iratres
808 3501 977 3579 karissimi,
985 3503 1146 3567 hominem
1155 3502 1252 3578 hunc,
1265 3513 1332 3564 tam
1343 3523 1416 3586 gra-

272 3590 355 3653 viter
375 3589 510 3671 lapsum,
531 3601 598 3652 tam
620 3587 767 3652 celeriter
786 3588 883 3652 saluti
905 3588 1026 3674 pariter
1048 3602 1082 3652 et
1105 3588 1194 3674 operi
1216 3588 1413 3666 restitutum,

271 3675 334 3741 nisi
363 3673 587 3739 Beatissimum
614 3675 737 3758 Regem
762 3692 794 3739 et
819 3675 999 3761 Martyrem
1026 3675 1190 3740 Oswinum
1215 3697 1274 3760 pro
1299 3675 1416 3740 eodem

267 3761 420 3846 operario
442 3783 500 3824 suo
522 3762 608 3846 apud
633 3761 742 3826 Deum
764 3761 969 3826 intervenisse
993 3763 1105 3846 procul
1129 3761 1228 3826 dubio
1250 3761 1434 3838 sciremus„

276 3849 400 3914 Scimus
424 3860 542 3925 autem,
571 3849 658 3936 quod
687 3861 720 3912 et
746 3852 867 3936 majora
890 3849 939 3912 his
963 3847 1159 3934 frequenter,
1187 3871 1245 3934 per
1269 3848 1415 3934 ejusdem

275 3935 384 4002 Sancti
398 3935 513 4000 merita
529 3935 620 4000 Deus
636 3947 798 4020 operatur.
848 3933 936 4008 Quid
951 3935 1036 3998 eninr
1051 3935 1281 4020 preciosissima
1294 3947 1417 4020 marty-

270 4046 341 4087 rum
353 4044 481 4107 gemma
495 4023 528 4086 in
544 4023 663 4086 coelesti
686 4021 859 4085 beatudine
873 4022 1047 4106 refulgens,
1064 4024 1150 4108 apud
1165 4023 1416 4108 glorificatorem

269 4119 363 4176 suum
376 4131 441 4174 non
455 4109 626 4194 optineat?
665 4107 787 4171 Merito
802 4131 880 4192 ergo
891 4110 932 4173 ab
944 4110 1090 4174 omnibus
1110 4111 1244 4174 Sanctus
1256 4110 1316 4174 iste
1332 4131 1417 4194 proe-

267 4197 405 4274 dicetur,
425 4196 586 4273 timeatur,
602 4195 788 4272 honoretur,
805 4217 863 4280 per
878 4219 973 4282 quem
988 4197 1082 4262 dator
1097 4197 1238 4261 omnium
1256 4198 1417 4261 bonorum

271 4285 374 4436 Esus,
392 4295 425 4346 et
446 4305 586 4368 proquo
606 4293 696 4346 tanta
714 4281 840 4367 operari
862 4283 1033 4372 dignatum
1052 4284 1103 4349 cui
1125 4284 1229 4372 gloria
1243 4283 1274 4349 in
1295 4275 1416 4385 secula.

304 4392 390 4434 usn.
