3132 5286
779 453 870 508 VITA
897 453 1034 508 SANCTI

463 621 659 710 Suppliciter
674 620 790 708 quaerit
804 643 877 707 quae
893 643 990 686 causa
1004 640 1121 704 pavere
1136 618 1274 704 subegit.

462 715 529 774 Ore
540 710 637 774 refers
653 709 732 786 miti,
751 718 878 773 “certe
895 708 1056 794 magnalia
1071 706 1149 784 vidi,

465 796 572 871 Quam
588 797 666 861 felix
681 797 789 860 anima
801 795 914 861 tellure
928 795 1055 859 levatur
1069 795 1111 858 ab
1123 793 1199 872 ima,

464 883 589 951 Sanctis
605 887 754 970 stipatur,
772 885 823 948 cui
836 896 931 968 porta
945 883 1012 969 poli
1027 894 1198 959 reseratur,

461 972 563 1037 Laetis
573 972 688 1056 juncta
698 971 803 1034 choris
817 971 962 1034 felicibus
979 969 1100 1034 inditur
1115 968 1214 1035 horis.

463 1061 544 1124 Pars
560 1059 620 1123 fuit
635 1058 688 1124 hic
703 1057 841 1136 humilis,
858 1081 955 1146 quam
971 1071 1005 1122 tu
1020 1058 1104 1121 bene
1118 1055 1233 1142 pascis,
1251 1053 1343 1120 ovilis
1359 1079 1368 1131 ;

464 1147 545 1212 Cras
558 1149 624 1234 ejus
641 1169 759 1211 nomen
774 1147 896 1232 pendes
912 1145 991 1209 mihi
1006 1145 1118 1209 mortis
1134 1157 1167 1208 et
1181 1163 1288 1220 omen,

465 1234 549 1299 Cum
567 1235 710 1298 Domino
726 1257 832 1298 sacras
846 1234 991 1298 libavero
1006 1255 1125 1297 munus
1141 1231 1182 1295 ad
1198 1231 1301 1298 aras.”

461 1321 536 1385 Jam
551 1322 638 1386 facto
655 1345 746 1386 mane
762 1323 857 1386 dictis
873 1322 919 1385 nil
935 1322 1052 1385 transit
1067 1321 1183 1394 inane3

465 1409 570 1474 Sacris
586 1410 711 1473 intento
728 1411 785 1473 tihi
802 1409 881 1472 dicit
897 1410 998 1492 virgo,
1017 1418 1038 1448 “
1053 1421 1217 1470 memento

465 1495 555 1560 Illius
575 1496 772 1584 Hadgunldi,
788 1519 883 1583 quem
900 1497 1036 1580 contigit
1051 1496 1166 1559 arbore
1181 1492 1269 1568 labi;

464 1583 591 1667 Lapsus
607 1583 756 1661 decessit,
774 1597 848 1668 pete
866 1585 1015 1649 Christus
1032 1585 1061 1646 ei
1077 1583 1203 1668 requies
1219 1581 1261 1644 sit
1273 1581 1301 1644 :'’

462 1670 526 1748 Sic,
544 1672 607 1754 pie,
626 1672 671 1735 sic
687 1685 780 1756 paret
796 1672 829 1734 in
847 1688 877 1736 te
893 1695 966 1758 quae
982 1670 1087 1754 gratia
1103 1671 1212 1733 claret.

466 1757 626 1842 Perspicis
642 1770 852 1844 assumptum,
870 1760 927 1823 sed
944 1773 976 1823 et
991 1759 1060 1842 ejus
1076 1762 1117 1820 ad
1133 1770 1218 1822 astra
1233 1753 1467 1840 triumphum:
1562 1807 1563 1826 ,

463 1845 560 1921 Quas,
577 1848 719 1932 quande,
738 1869 875 1933 quaeque
892 1848 950 1910 tibi
967 1845 1063 1923 dicat,
1081 1846 1220 1930 precinis
1236 1864 1339 1929 aeque.

463 1933 560 1996 Nunc
575 1932 673 1996 michi
689 1945 863 2010 tantorum,
881 1956 1043 2010 succurre,
1060 1947 1153 2017 pater
1169 1933 1380 1996 meritorum:

463 2017 559 2084 Vires
572 2019 708 2105 impetra
723 2045 788 2107 quo
804 2020 923 2105 pellam
939 2035 1071 2106 pectore
1087 2032 1190 2095 tetra3

463 2106 561 2170 Mens
579 2108 744 2172 Christum
761 2121 869 2193 captet
885 2121 922 2172 ut
938 2131 1010 2172 eam
1024 2107 1196 2172 virtutibus
1212 2116 1324 2192 aptet3

466 2194 596 2278 Captet,
614 2209 650 2258 ut
665 2196 723 2260 has
739 2209 852 2260 nactus
865 2208 1048 2261 sanctorum
1064 2216 1238 2280 persequer
1253 2206 1355 2271 actus,

465 2280 615 2358 Quorum
632 2299 707 2368 post
721 2297 858 2348 mortem
874 2285 998 2369 capiam
1014 2304 1073 2369 per
1088 2283 1207 2346 soecula
1222 2294 1354 2349 sortem.

451 2629 569 2711 [CAP.
585 2627 909 2718 XXXIV.]-Qcod
921 2653 1036 2716 aquam
1052 2638 1087 2699 in
1101 2639 1172 2700 vino
1186 2638 1359 2700 mutaverit.

464 2855 576 2919 Virtus
593 2854 700 2921 divina
716 2857 774 2922 tibi
791 2859 847 2922 dat
862 2858 903 2921 de
917 2859 1049 2925 flumine
1066 2861 1158 2936 vina3

467 2942 588 3008 Vinum
604 2942 709 3008 iecisti
723 2946 887 3029 limpham,
904 2968 1001 3032 quam
1016 2948 1106 3013 fonte
1120 2947 1229 3012 bibisti
1242 2971 1251 3024 3

467 3031 645 3096 Gustantes
662 3032 727 3109 alii,
739 3032 905 3098 celebrant
920 3035 1075 3100 miracula
1091 3035 1165 3099 vini.

464 3118 565 3182 Verte
576 3139 664 3183 meos
680 3141 795 3198 mores,
813 3133 845 3184 te
861 3122 1026 3206 deprecor,
1044 3125 1078 3187 in
1090 3124 1258 3188 meliores:

465 3203 519 3268 De
534 3207 663 3270 summis
679 3229 753 3272 rora
768 3207 875 3286 michi,
889 3232 953 3296 quo
969 3211 1101 3296 sapiam,
1118 3211 1261 3276 meliora.
1356 3286 1358 3289 f

466 3293 495 3356 F
495 3315 532 3357 ac
547 3295 669 3379 sapiam
687 3295 807 3360 Christi
822 3297 922 3381 magis
938 3312 972 3363 et
988 3299 1097 3388 magis,
1115 3310 1151 3363 ut
1166 3297 1309 3385 sapuisti,

465 3379 599 3451 Sacrum
613 3382 791 3462 dulcorem,
808 3384 902 3450 simul
917 3398 951 3452 et
966 3387 1107 3453 dulcoris
1122 3409 1275 3455 amorem.

421 3706 539 3786 [oar.
567 3665 873 3794 xxxin-ouon
891 3726 966 3798 poc
986 3718 1060 3781 auos
1074 3736 1172 3781 annos
1187 3717 1400 3800 Episcopum

418 3798 546 3864 redierit
559 3801 604 3864 ud
617 3803 792 3866 solitariam
806 3807 913 3880 vitam,
931 3812 960 3866 ct
973 3806 1177 3871 inobedientes
1200 3807 1261 3870 siti
1268 3805 1401 3889 fratres

757 3911 842 3956 mare
862 3893 1045 3975 impedierit.

464 4120 529 4186 Per
545 4119 637 4186 binos
652 4141 754 4187 annos
768 4122 930 4188 illustrans
946 4123 1014 4210 ipse
1033 4125 1214 4205 Britannos,

462 4207 629 4274 Pontificis
639 4211 714 4296 jure
728 4213 905 4298 peragebas
920 4213 1031 4279 munia
1043 4235 1148 4279 curae:

462 4295 557 4377 Mox,
575 4309 687 4363 vatum
702 4317 802 4378 more,
820 4299 879 4365 tibi
894 4303 1006 4366 mortis
1022 4297 1288 4388 praescius'horae,

461 4383 642 4454 Transacto
657 4387 740 4454 festo
756 4387 877 4456 Christi
893 4389 1163 4460 natalis'honcsto
