3132 5286
443 505 445 513 ι
566 475 805 528 cornuum«

207 937 324 1030 [cur.
358 934 703 1016 xurru-Qumnou
724 955 836 1018 ωηω
859 933 1013 1000 cautere·
1026 939 1180 1021 'erim

194 1031 291 1112 jueta
313 1027 397 1110 quod
416 1027 482 1106 ipse
505 1025 729 1175 optaverm
743 1025 810 1106 ejus
823 1025 1022 1105 cumfaqum
1036 1027 1077 1089 sit
1093 1030 1181 1108 poei-

249 1333 375 1400 Preesul
393 1329 585 1409 Eadbertue,
601 1349 698 1418 quem
714 1331 790 1396 laete
805 1344 913 1396 mente
925 1330 1075 1412 refertur,

248 1421 402 1488 Versibus
416 1417 552 1508 insignis
567 1418 683 1484 cecinit
698 1419 853 1485 miracula
866 1417 981 1502 dignit.

248 1519 271 1552 ‘⁴
290 1509 340 1575 01
364 1529 460 1596 quam
476 1519 614 1586 sauctus,
631 1507 686 1584 ait,
702 1507 792 1572 locus
808 1519 866 1584 est,
883 1507 938 1593 qui
950 1508 1027 1572 talia
1041 1505 1174 1577 clausitt

248 1607 270 1641 ‘⁶
288 1597 367 1662 Hoc
381 1597 438 1683 qui
454 1596 601 1672 servavit,
617 1594 795 1680 quodcum
810 1593 930 1658 virtute
945 1593 1101 1658 recrevitt

246 1695 268 1729 ‘⁶
284 1685 384 1750 Unde
400 1684 467 1748 scio
481 1703 557 1747 vere
572 1681 660 1768 quod
670 1683 739 1767 jem
750 1679 869 1766 poterit
881 1701 1049 1745 remanere

247 1783 268 1815 ‘⁶
284 1773 448 1856 Tempore
464 1791 530 1834 non
546 1769 649 1833 multo
664 1789 785 1833 vacuus
800 1768 891 1833 locus
902 1768 957 1832 ille
973 1767 1111 1854 sepulto.

248 1869 270 1902 ‘⁶
287 1859 396 1935 Quam
411 1859 494 1924 bene
508 1855 669 1945 pensabit,
684 1879 781 1944 quem
797 1879 865 1921 sors
880 1855 914 1922 in
927 1879 967 1922 eo
982 1853 1177 1924 tumulabiti

249 1957 271 1988 “
288 1947 384 2012 Felix
399 1960 448 2012 eet
462 1945 600 2011 multum
615 1946 669 2010 cui
683 1945 724 2011 sit
738 1946 827 2010 locus
843 1945 901 2012 iste
917 1943 1155 2031 sepulchrum?

249 2035 372 2099 Praesul
387 2036 536 2111 devotus,
560 2055 734 2117 suspensus
748 2034 792 2097 ad
807 2033 930 2096 aethera
944 2045 1043 2112 totus,

248 2123 313 2186 His
328 2122 432 2186 multo
446 2121 542 2206 plura
556 2119 641 2184 dixit
655 2119 793 2184 sitiendo
804 2120 923 2183 future.
1030 2141 1034 2150 ·

249 2209 341 2274 Hinc
355 2209 470 2271 morbo
485 2220 599 2283 tactus,
615 2219 816 2293 mortemque
832 2205 939 2271 subire
954 2218 1097 2282 coactus,

249 2297 342 2361 Felix
357 2307 507 2359 votorum
523 2315 656 2379 compos
672 2294 709 2357 fit
725 2294 845 2379 ubique
861 2313 1012 2358 suorumr

249 2385 387 2470 Spiritus
402 2397 487 2448 astru
501 2383 593 2468 petit,
617 2401 692 2446 curo
708 2382 909 2468 sarcophago
924 2382 1091 2468 requievit,

251 2471 326 2548 Qua
340 2493 417 2536 caru
430 2470 604 2536 Cuthberti
618 2471 821 2558 requieverat
836 2470 936 2534 inscia
950 2470 1036 2562 nevi.

207 2831 321 2920 [CAP.
340 2827 492 2910 XLIIL]
503 2826 698 2904 --Quomodo
707 2829 838 2892 clerium
845 2833 976 2910 cyrotus
989 2831 1177 2897 atumem

487 2918 552 2999 ήκω
565 2919 738 2980 orandoeit
755 2924 893 2981 ramur.

249 3139 372 3207 Tabuit
386 3140 475 3206 haud
487 3163 596 3228 sospes
619 3140 820 3205 miserandus
836 3139 969 3208 clericus
984 3140 1120 3228 hospes3

246 3225 320 3294 Jam
335 3227 533 3315 desperatus,
550 3227 665 3292 nimios
688 3227 805 3292 tulerat
820 3225 999 3291 cruciatus:

245 3318 318 3381 Jam
334 3339 435 3400 prope
451 3311 579 3391 defecit,
596 3335 691 3400 quem
703 3311 793 3376 nulla
803 3311 929 3376 medela
942 3311 1066 3379 refecit.

248 3404 314 3468 Sed
329 3415 386 3466 tua
401 3401 523 3477 tumba,
541 3399 683 3487 quidem,
704 3399 896 3476 Cuthberte,
913 3401 998 3464 salus
1013 3401 1052 3465 fit
1068 3402 1184 3474 eidem.

246 3490 313 3554 Vix
328 3489 423 3552 mirer
437 3485 501 3551 huc
516 3487 599 3552 latus
614 3483 720 3551 fundit
732 3485 930 3549 lacrimando
944 3501 1102 3572 precatus,

251 3578 300 3643 Ut
313 3599 412 3663 prece
428 3577 617 3664 languorem
633 3573 734 3659 pellas
749 3573 801 3638 vel
815 3586 920 3638 morte
932 3573 1089 3657 dolorem,

252 3665 335 3739 Quae
352 3666 393 3729 sit
408 3676 573 3729 tantorum
588 3681 662 3749 quoe
676 3659 789 3726 suffert
804 3675 888 3726 meta
904 3663 1074 3733 malorum.

248 3752 352 3841 AEger
368 3765 403 3818 ut
418 3753 522 3817 oravit
536 3769 616 3816 mox
630 3751 733 3815 virtus
748 3749 835 3814 hunc
850 3751 1028 3836 reperavitt

247 3841 360 3905 Virtus
374 3840 514 3904 coelestis
529 3840 620 3928 fugat
635 3839 712 3903 huic
727 3836 909 3904 discrimine
922 3838 1020 3924 pettit
1036 3859 1045 3904 t

250 3928 304 3996 Sic
318 3951 377 4014 per
392 3929 544 3992 virtutem
556 3929 650 3992 citius
664 3927 796 3992 rediisse
811 3926 947 3993 sulutem

252 4016 385 4103 Oppido
398 4014 544 4093 miretur,
559 4013 735 4102 laudetque
746 4015 893 4080 canendo
906 4012 1065 4101 profatur.

251 4104 301 4168 Ut
315 4104 429 4176 laudes
444 4115 569 4169 cautem
584 4121 643 4188 per
656 4104 753 4168 raecla
767 4102 908 4167 videndo
923 4112 1088 4167 tonantem

251 4190 311 4260 Me
325 4193 433 4262 releva
446 4193 577 4274 sessum,
592 4192 718 4281 peccati
732 4184 874 4277 pondere
887 4207 1042 4280 precum.
