3132 5286
551 488 789 546 curtinum.
831 521 836 532 ,

235 653 372 721 Fercula
387 662 580 731 sanctorum,
597 653 727 717 firmum
741 649 907 730 munimen
922 672 1048 731 eorum,

237 743 329 810 Dans
343 741 456 806 laudes
471 740 582 819 almaS,
598 739 737 830 sustollis
749 738 791 804 ad
806 739 929 803 aethera
943 739 1082 824 palmas,

238 830 365 896 Palmas
380 841 414 894 et
429 828 564 906 vultum,
581 827 720 892 sitiendo
735 825 847 893 coelica
860 827 1009 906 multum,
1086 884 1091 898 ,

238 919 292 983 Sic
307 917 391 982 inter
406 914 520 980 laudes
535 915 708 980 ascendere
724 914 830 979 sidera
844 914 975 1000 gaudes}

240 1004 395 1070 Gaudens
410 1001 533 1081 ditaris,
550 1002 677 1067 deitatis
693 1002 734 1067 ab
750 1021 807 1066 ore
821 1003 937 1081 bearis,
1041 1061 1045 1068 .

184 1115 187 1122 ‘
240 1094 497 1178 Sanctorumque
512 1090 630 1154 chorus
646 1087 704 1155 tibi
726 1089 852 1173 plaudit
865 1090 963 1155 laude
978 1089 1126 1156 canorus.

240 1180 272 1245 O
287 1179 294 1244 Ι
320 1178 373 1244 cni
389 1178 525 1244 coelestis
537 1177 622 1242 canit
636 1176 741 1266 ymnis
753 1176 866 1242 concio
881 1177 979 1257 festis,
1077 1219 1080 1228 ι

243 1265 370 1332 Ultima
384 1267 556 1330 verborum
571 1267 621 1330 fac
637 1288 690 1330 me
704 1285 831 1329 servare
846 1276 998 1344 tuorum:

241 1354 318 1432 Fac,
334 1355 398 1439 pie,
415 1354 476 1432 fac,
487 1355 635 1439 inquam,
653 1365 709 1418 tua
722 1375 790 1417 non
806 1365 842 1417 ut
857 1353 944 1420 dicte
958 1353 1150 1442 relinquam,

245 1441 294 1506 Ut
304 1443 373 1528 jam
388 1453 464 1528 post
478 1440 578 1506 letum
590 1462 726 1506 moerear
740 1454 795 1508 tua
810 1440 930 1528 gaudia
944 1453 1064 1507 tecum.

201 1765 317 1856 [CAP.
325 1761 767 1847 XXX1X1-Quodcomus
775 1767 874 1846 cincius
882 1767 1172 1849 adLindicffirrtcn-
1285 1781 1287 1788 ’

329 1873 392 1918 sem
414 1854 570 1918 ecclesium
592 1855 726 1918 delutum
741 1856 775 1916 in
789 1875 826 1918 ea
840 1856 989 1936 sepultum
1002 1859 1054 1919 cit.

246 2076 332 2141 Tum
347 2097 475 2140 sacrum
491 2075 598 2152 funus,
615 2076 738 2139 mundo
754 2076 938 2140 venerabile
954 2099 1078 2157 munus,

245 2164 438 2250 Impositum
453 2161 527 2225 navi
542 2161 713 2226 deducitur
728 2183 858 2248 aequcre
874 2166 974 2231 suavi.

247 2250 528 2315 Lindisfarnenses
545 2261 720 2312 occurrunt
734 2248 839 2326 litore,
855 2250 982 2328 flentes,

247 2337 490 2423 Excipiuntque
505 2335 609 2400 choris
625 2336 706 2401 illud
721 2335 917 2400 celebrando
932 2339 1074 2403 sonoris:
1121 2415 1123 2420 Ι

250 2426 352 2512 Inque
367 2423 446 2492 locis
462 2423 557 2489 sacris
569 2424 715 2489 condunt
728 2424 915 2488 memoralia
930 2425 1040 2510 patris·

248 2514 335 2578 Hoec
350 2513 383 2574 in
398 2511 552 2588 cancello,
570 2513 695 2597 petrino
711 2512 818 2577 clausa
832 2511 957 2591 loce110,

250 2603 395 2678 Servant,
412 2599 572 2678 laetantur,
590 2600 858 2687 complectuntur,
874 2615 1089 2666 venerantur:

246 2689 383 2754 Servant
399 2687 596 2765 thesaurum,
613 2711 679 2774 quo
694 2687 786 2751 vilius
798 2700 889 2751 extat
904 2700 938 2750 et
952 2711 1074 2751 aurum.

252 2775 431 2860 Splendens
446 2795 575 2860 gemma
588 2775 666 2857 poli,
682 2795 763 2857 rogo
779 2790 811 2837 te
827 2795 879 2836 me
894 2795 1043 2859 spernere
1059 2775 1146 2848 noli3

254 2863 284 2925 A
301 2862 404 2926 carnis
421 2861 500 2923 tabo
513 2881 574 2937 me,
591 2871 624 2923 tc
639 2859 788 2938 faciente,
802 2860 937 2936 lavab03

250 2947 401 3014 Moribus
416 2959 453 3011 ut
468 2948 562 3012 castis
578 2969 640 3032 ego
654 2945 758 3012 vivam
777 2947 905 3012 deditus
920 2947 1023 3014 astris.

205 3264 322 3349 [CAP.
336 3264 430 3345 XL.]
443 3268 599 3346 Qumnodo
605 3285 688 3345 puer
697 3267 901 3331 demoniacus
909 3267 1058 3344 citkumo,
1070 3273 1123 3335 cui
1131 3274 1179 3338 Ia·

205 3373 333 3417 vacrum
346 3356 486 3432 emporis
500 3354 566 3433 ejus
580 3353 780 3503 iry‘usutngct,
791 3355 825 3416 in
840 3372 954 3437 aquam
962 3358 1070 3433 mirra,
1085 3379 1180 3424 rana·

254 3660 414 3728 Daemone
430 3673 565 3726 vexatus
581 3683 663 3748 puer
678 3662 848 3748 experiens
863 3663 1032 3744 cruciatus,

255 3747 372 3812 Emisit
386 3769 492 3827 voces,
509 3760 646 3834 cogente
660 3746 780 3828 furore,
797 3749 942 3816 feroces:

255 3835 414 3900 Funditus
430 3837 499 3921 ipse
513 3837 607 3902 bonis
623 3838 765 3924 privatus
781 3850 852 3902 erat
866 3839 1018 3916 rationis3

259 3922 425 4010 Quicquid
441 3936 496 3986 tan
521 3926 597 3990 ebat
612 3949 720 3991 morsu
735 3926 878 3990 lacerans
895 3928 1072 3994 minuebat.

258 4011 420 4077 Presbiter
435 3949 570 4089 restaliat,
587 4012 645 4077 sed
660 4012 706 4076 nil
721 4014 843 4079 orando
859 4014 1004 4097 juvabat.

257 4100 311 4162 Ad
326 4098 398 4164 loca
413 4111 593 4164 sanctarum
605 4100 780 4184 perductus
794 4099 1016 4185 relliquiarum

260 4185 331 4250 Nec
348 4188 392 4251 sic
409 4198 549 4264 sanatur,
566 4187 625 4251 sed
640 4186 745 4251 honor
760 4200 835 4251 tuus
846 4186 921 4250 hinc
937 4186 1126 4266 cumulatur,

261 4272 353 4337 Dum
367 4294 426 4356 per
441 4290 473 4338 te
488 4274 641 4340 reducem
655 4273 778 4359 recipit,
798 4273 990 4352 Cuthberte,
1006 4275 1151 4339 salutem.

261 4359 404 4438 Quidam
418 4361 543 4448 limpha
557 4361 638 4430 sacri
652 4363 759 4428 fuerat
773 4383 847 4450 quae
861 4361 932 4427 fusa
945 4360 1074 4440 lavacri,

265 4445 349 4523 Quae
365 4468 484 4540 corpus
499 4463 646 4524 sunctum
661 4447 826 4543 quondam
841 4445 920 4521 lavit
934 4445 1175 4522 tumulandum
