3132 5286
580 453 817 508 CUTHBERTI.

255 621 354 688 Hanc
370 620 521 687 adeundo
532 620 650 707 pedem
666 641 743 685 mox
754 617 857 705 liquet
872 617 1015 704 eorporis
1031 621 1148 689 aedem.

254 709 315 788 Te,
333 710 514 796 venerande
528 722 631 796 pater,
648 706 824 772 formidans
840 706 971 792 spiritus
986 720 1055 774 ater

256 798 404 863 Territus
419 799 586 864 absentem
601 810 634 862 te
649 797 733 884 fugit
747 793 1030 879 signi-potentem

255 885 326 952 Nec
342 886 417 952 tulit
431 887 620 963 adventurn,
636 897 734 971 pavet
748 883 821 948 haee
837 905 895 948 ceu
912 883 1047 949 verbera
1061 895 1201 952 centurn.

256 973 311 1039 Fit
324 975 440 1041 mulier
454 996 574 1061 sospes,
590 974 679 1039 venit
690 974 797 1050 obvia,
814 970 946 1056 suscipit
960 970 1098 1059 hospes;

257 1061 301 1126 Et
318 1076 350 1128 te
366 1063 508 1142 miratur,
525 1063 646 1140 laudat,
663 1060 770 1139 servit,
788 1073 974 1125 veneratur.

256 1149 316 1214 Vir
330 1151 384 1236 pie
399 1151 564 1230 virtutum,
583 1150 705 1217 Christi
720 1148 817 1216 michi
833 1149 958 1234 poscito
974 1160 1087 1215 nutum
1101 1173 1111 1227 ;

260 1237 310 1303 Ut
325 1261 376 1304 me
393 1239 557 1318 delendat,
571 1262 631 1304 nec
643 1236 745 1324 culpis
761 1236 794 1302 di
819 1259 861 1301 na
875 1237 1054 1321 rependat:

258 1325 395 1391 Coelitus
410 1329 556 1413 adjutum
572 1325 734 1392 custodiat
745 1261 889 1411 undique
903 1335 1009 1389 tutum
1021 1347 1030 1403 3

251 1413 303 1479 Ne
318 1414 445 1502 patiens
461 1415 532 1482 dira
546 1415 671 1482 lacerer
686 1411 818 1481 tortoris
834 1412 876 1478 ab
890 1411 949 1478 ira.

228 1777 346 1857 [CAP.
365 1776 402 1842 X
403 1777 431 1843 V
432 1779 599 1859 .]-·Quod
611 1778 711 1860 aquis
725 1783 755 1841 et
767 1777 929 1842 virtutibus
943 1776 1061 1842 clarior
1069 1775 1184 1860 suerit.

261 2028 347 2094 Hinc
362 2027 462 2095 animi
478 2027 569 2094 testis
584 2029 750 2116 signorum
765 2029 869 2117 gratia
883 2028 982 2118 gestis

261 2118 374 2184 Crevit
384 2117 417 2181 iu
432 2140 473 2182 au
500 2130 652 2194 mentum,
669 2138 727 2201 per
741 2129 775 2181 te
791 2116 951 2182 medicina
965 2116 1130 2183 dolentum
1140 2140 1154 2194 ›;

261 2206 382 2280 Orans,
399 2142 590 2291 praedicens,
607 2225 760 2289 praesens,
778 2203 905 2284 absens,
922 2205 1126 2285 benedicens,

261 2292 499 2373 Exorcizando,
517 2293 617 2357 verbo
634 2291 727 2356 simul
742 2291 967 2376 imperitando,

262 2381 360 2447 Pellis
375 2380 557 2468 languores,
574 2379 689 2458 larvas,
703 2381 781 2458 fera,
800 2394 953 2460 monstra,
970 2380 1111 2446 furores:

260 2469 388 2535 Ductor
403 2492 499 2556 quam
516 2469 670 2556 magnus!
694 2468 800 2554 gravis
815 2466 877 2548 his,
894 2469 944 2534 his
959 2469 1043 2535 mitis
1059 2483 1096 2534 ut
1111 2493 1231 2558 agnus;

262 2557 385 2624 Virtuti
400 2572 506 2636 uatus,
518 2558 636 2643 justus,
653 2558 737 2644 pius,
755 2570 787 2622 et
801 2556 986 2623 moderatus
999 2582 1008 2635 3

260 2649 365 2732 Asper
380 2645 539 2733 peccanti,
555 2644 693 2710 blandus
708 2645 818 2730 culpas
833 2645 999 2726 reseranti,

260 2734 282 2799 J
284 2733 392 2800 ustitia
403 2736 514 2811 ferves,
532 2745 569 2798 ut
579 2732 704 2798 cunctis
720 2753 865 2813 congrua
879 2755 986 2798 serves
995 2757 1005 2810 3

262 2821 371 2887 Corde
386 2822 441 2906 pio
455 2843 577 2898 manas,
595 2821 752 2885 scelerum
768 2823 813 2884 sic
828 2819 962 2884 vulnera
976 2841 1069 2884 sanas
1082 2843 1090 2896 3

264 2910 359 2993 Saepe
371 2909 499 2995 quidem
515 2922 624 2974 suetus
639 2906 786 2994 peccanti
800 2906 937 2972 fundere
951 2907 1067 2984 fletus3

266 2996 386 3081 Culpas
402 2997 570 3075 ulciscens,
587 2994 645 3062 tibi
660 2994 736 3060 dum
753 2993 866 3081 pandit
878 2995 1079 3081 resipiscens,

264 3084 342 3148 Fers
357 3086 602 3164 contendentes,
619 3085 737 3171 pateris
750 3097 782 3150 te
797 3106 861 3148 non
877 3085 1057 3170 patientes3

264 3171 391 3238 Probra
404 3173 537 3240 ferendo
554 3186 649 3252 taces,
667 3171 832 3260 vineisque
848 3174 987 3237 tacendo
1002 3173 1152 3258 loquaces
1166 3193 1175 3247 3

263 3259 316 3326 Sic
332 3261 410 3382 facia
423 3261 568 3382 imbellep
580 3261 639 3327 tibi
654 3284 798 3388 qupsque
809 3259 944 3380 serpendo
959 3261 1107 3387 rebelles.

391 3439 409 3475 0
543 3437 562 3470 1
694 3434 713 3468 ff
846 3434 865 3468 ff
1000 3434 1018 3472 ᾔ

266 3525 375 3591 Horas
387 3524 502 3590 orandi
514 3524 696 3612 producens
712 3535 745 3588 et
759 3521 923 3612 vigilandi,

262 3614 378 3698 Jungis
393 3625 566 3700 noctesque
578 3610 739 3699 precibus,
756 3632 829 3675 curn
845 3623 941 3676 nocte
957 3611 1108 3702 diesque:

265 3701 388 3767 Noctes
403 3723 463 3789 per
477 3714 586 3766 ternas
599 3715 634 3766 tu
650 3720 779 3787 pernox
794 3698 860 3764 sive
875 3712 1046 3787 quaternas

265 3791 349 3856 Cum
366 3790 510 3855 celebras
524 3789 635 3854 missas
651 3802 716 3854 stas
732 3786 863 3852 victima
877 3791 980 3855 factus
997 3791 1037 3856 ad
1053 3789 1149 3877 ipsas.

266 3877 461 3944 Transsusus
476 3877 557 3943 votis
572 3876 684 3965 procul
701 3899 720 3942 a
736 3875 851 3942 tellure
865 3877 1007 3957 remotis,

268 3967 397 4032 Christo
413 3965 571 4045 macteris,
589 3987 712 4030 sursum
728 3986 784 4030 cor
800 3963 922 4030 habens
938 3964 1132 4043 lacrimaris3

268 4056 336 4121 Cor
351 4054 451 4142 magis
466 4051 587 4120 exaltas
604 4076 701 4141 quarn
719 4075 814 4119 voces
830 4053 969 4141 gutturis
986 4054 1089 4130 altas3

269 4143 368 4208 Sacra
383 4141 484 4233 magis
499 4140 606 4207 flendo
618 4141 745 4229 peragis
761 4163 856 4228 quam
873 4140 967 4206 dulce
983 4142 1148 4207 canendo:

266 4229 402 4296 Talibus
418 4244 451 4297 et
466 4229 563 4298 tantis
580 4228 771 4315 complexus
777 4232 867 4316 jussa
882 4228 1025 4294 tonantis

268 4316 442 4386 Perversos
456 4317 570 4399 flectis,
587 4329 619 4384 et
634 4339 780 4406 quosque
795 4317 898 4382 bonos
911 4315 969 4381 tibi
985 4320 1098 4383 nectis.

268 4405 345 4484 Fac.
362 4407 412 4476 vir
427 4404 562 4492 virtutis,
579 4427 694 4496 sequar
705 4403 775 4476 hoee
792 4403 942 4493 exempla
957 4401 1084 4474 salutisa
