3094 5292
328 473 380 538 QO
769 489 860 538 vira
889 487 1027 536 oswrur

327 665 573 735 praeparaverat,
591 650 732 713 dictante
745 649 908 732 pontifice,
925 648 1046 712 honore
1058 648 1218 732 condigno
1233 648 1423 729 recondidit,
1439 662 1469 714 ct
1520 645 1521 650 ’

326 735 498 800 maximam
515 735 753 800 venerationem
763 736 886 820 jugiter
902 733 1059 800 exhibuit.
1138 745 1144 761 ⁸

328 995 425 1060 CAP.
442 995 721 1070 Vll—Quomodo
734 998 861 1078 quidam
872 998 1050 1077 capellanus
1063 999 1119 1077 qui
1133 999 1166 1057 iu
1180 997 1262 1060 turri
1272 997 1403 1059 ccclesia
1413 997 1471 1084 ejus

403 1083 512 1162 jacere
527 1086 628 1146 minas
637 1083 781 1163 sclipiosl
784 1086 994 1164 praesumpsit,
1008 1083 1140 1163 ejusdcm
1148 1085 1398 1162 presumptionis
1411 1103 1469 1162 pa-

413 1189 486 1232 num
497 1171 682 1232 mirabiliter
693 1172 726 1231 iu
737 1169 838 1234 codem
848 1171 912 1232 loco
922 1172 1094 1250 praesensit.

372 1337 510 1403 Thostio
534 1338 655 1405 Comiti
677 1339 909 1423 praenominato
932 1339 992 1402 fuit
1015 1338 1146 1426 quidam
1169 1339 1362 1423 capellanus,
1380 1361 1471 1426 quem

325 1447 391 1488 non
406 1425 608 1509 singulariter
618 1449 729 1501 unum,
743 1426 801 1489 sed
816 1448 883 1511 prae
899 1425 1024 1489 caeteris
1041 1425 1202 1490 asceretis
1215 1425 1280 1490 suis
1293 1425 1471 1510 specialiter

326 1511 430 1574 solum
457 1511 622 1596 diligebat.
675 1512 738 1578 Hic
762 1533 990 1598 nonnunquam
1019 1535 1093 1575 curn
1116 1513 1156 1575 de
1186 1534 1276 1578 more
1300 1511 1470 1596 provincia

326 1597 480 1662 instructa
495 1611 601 1662 essent
613 1598 758 1662 convivia
772 1599 859 1682 apud
871 1598 1129 1682 Tynemudham,
1144 1597 1219 1685 quia
1230 1598 1339 1662 villuia
1348 1598 1472 1662 modica

328 1697 410 1760 erat,
426 1698 460 1748 et
482 1685 525 1748 ad
544 1697 594 1749 tot
615 1684 781 1749 hominum
803 1707 933 1768 genera,
950 1707 1023 1771 quae
1043 1685 1204 1750 Comitem
1226 1684 1470 1760 comitabantur,

327 1769 528 1854 suscipienda
550 1771 690 1855 hospitio
716 1771 819 1834 minus
842 1771 1018 1848 sufficiens,¹
1031 1771 1126 1855 jussit
1150 1771 1210 1834 sibi
1233 1770 1333 1836 sterni
1355 1771 1473 1835 lectum

327 1857 386 1920 sub
402 1857 482 1921 turri
498 1857 642 1921 ecclesiae
665 1857 698 1920 in
720 1858 785 1943 qud
811 1857 920 1922 Sancti
939 1857 1037 1941 Regis
1060 1880 1097 1922 ac
1115 1857 1268 1943 Martyris
1289 1856 1412 1922 Oswini
1427 1879 1474 1922 rc-

326 1944 512 2029 quiescebat
534 1943 825 2008 reverentissimum
845 1966 971 2028 corpus.
1019 1945 1211 2029 Crapulatus
1227 1945 1336 2030 itaque
1358 1945 1373 2008 ir
1401 1944 1473 2006 vino

325 2041 490 2094 revertens
518 2031 535 2094 a
560 2031 647 2094 curia
665 2029 800 2095 Comitis
824 2030 856 2092 in
879 2029 982 2094 noctis
1005 2031 1204 2115 crepusculo,
1226 2032 1284 2094 sub
1308 2030 1389 2093 turri
1408 2034 1474 2117 jam

325 2115 412 2180 dicta
434 2117 477 2180 ad
495 2139 650 2181 venereos
673 2140 747 2180 usus
763 2139 837 2180 cum
856 2116 1058 2181 meretricula
1073 2117 1208 2182 obscene
1225 2117 1421 2182 exercendos
1445 2141 1475 2180 se

325 2203 513 2287 accingebat
527 2228 535 2280 3
559 2227 632 2268 cum
648 2227 723 2268 ecce
740 2205 773 2267 in
789 2203 923 2268 ecclesiia
945 2203 1111 2268 concussio
1134 2204 1291 2288 parietum
1306 2204 1394 2268 facta
1417 2215 1473 2280 est,

325 2301 361 2353 ut
384 2289 594 2354 incontinenti
617 2291 720 2354 omnis
751 2289 895 2354 ecclesiae
917 2290 1066 2354 machina
1084 2290 1208 2354 ruitura
1237 2289 1475 2354 formidaretur.

328 2375 408 2439 Erat
424 2388 534 2440 autem
549 2391 625 2441 tunc
642 2377 795 2460 temporis
811 2389 886 2440 ante
909 2376 1112 2461 sepulchrum
1138 2376 1232 2441 Beati
1249 2377 1406 2463 Martyris
1430 2377 1475 2440 vir

324 2462 407 2526 bend
423 2463 588 2546 religiosus
602 2462 734 2546 vigilans
750 2474 782 2527 et
798 2485 902 2540 orans,
917 2462 971 2548 qui
983 2463 1157 2546 capellano,
1176 2463 1289 2527 timens
1302 2485 1343 2527 ne
1356 2463 1477 2528 dormi·

325 2571 382 2612 ens
394 2549 485 2612 ruina
496 2550 564 2634 jam
580 2549 765 2612 imminente
781 2549 1026 2633 opprimeretur,
1043 2551 1192 2628 accurrit,
1209 2562 1247 2613 ut
1262 2550 1385 2614 excitet
1402 2572 1476 2614 eum

325 2657 494 2713 asommo,
509 2647 542 2700 et
558 2658 601 2700 ex
623 2635 784 2720 insperato
799 2635 920 2699 invenit
935 2635 977 2698 ad
992 2637 1262 2700 commiscendum
1278 2659 1352 2700 cum
1367 2650 1480 2700 scorto

320 2723 390 2806 jam
405 2736 563 2806 paratum.
612 2721 655 2786 Et
671 2744 824 2787 execrans
840 2736 996 2806 stuprum,
1020 2723 1241 2786 mulierculam
1263 2723 1334 2786 zelo
1359 2723 1478 2788 Finees

324 2819 498 2873 succensus
519 2810 560 2873 ab
584 2809 717 2873 ecclesii
739 2808 835 2894 ejecit
855 2809 1018 2887 continuo,
1036 2822 1070 2873 et
1092 2809 1306 2894 presbiterum
1328 2809 1478 2896 increpa·

325 2895 413 2960 tione
428 2895 550 2959 duriori
564 2897 652 2994 quod
673 2919 732 2960 nec
753 2897 863 2961 Deum
879 2895 1009 2960 timeret
1023 2919 1082 2960 nec
1098 2896 1242 2960 homines
1258 2910 1477 2973 revereretur,

324 2982 437 3066 spiritu
451 2981 597 3045 Daniehs
613 2982 792 3066 castigavit.
841 2982 885 3046 Et
897 2983 1005 3047 statim
1020 2983 1155 3047 cessavit
1171 2983 1271 3046 omnis
1288 2996 1478 3067 tempestas

326 3069 366 3133 In
391 3068 454 3131 hoc
477 3079 545 3131 tam
574 3069 733 3152 stupendo
756 3068 843 3133 facto
866 3068 1005 3132 innotuit
1032 3069 1167 3132 Sanctus
1194 3069 1268 3132 Rex
1291 3082 1326 3133 et
1346 3070 1479 3157 Martyr

327 3155 486 3232 OswinuS,
513 3166 669 3240 quantum
696 3155 737 3219 sit
754 3158 861 3240 justus
888 3166 1106 3240 quantumque
1134 3155 1323 3234 misericors,
1355 3157 1415 3243 qui
1440 3178 1479 3220 ex

318 3240 458 3327 justiciae
485 3242 591 3324 rigore
617 3251 718 3304 totam
739 3241 883 3305 ecclesiae
899 3241 1089 3321 machinam,
1102 3241 1192 3328 quasi
1208 3243 1249 3306 ad
1260 3243 1388 3308 ruinam
1401 3267 1481 3308 con-

324 3327 422 3392 cussit
435 3350 449 3402 ;¹
468 3327 524 3390 sed
540 3349 583 3390 ex
605 3327 832 3392 misericordiae
850 3328 999 3406 lenitate,
1013 3329 1114 3412 stupri
1129 3329 1287 3414 flagitium
1302 3331 1342 3394 ab
1366 3332 1478 3416 operis
1519 3353 1521 3366 ·

312 3413 516 3479 'executione
545 3412 727 3498 prohibens,
759 3416 885 3480 ruinam
921 3416 1142 3480 imminentem
1178 3415 1353 3501 suspendit.
1420 3418 1480 3481 Vir

323 3513 433 3566 autem
450 3499 582 3565 Domini
597 3501 653 3588 qui
667 3501 905 3584 meretriculam
927 3503 967 3566 ab
991 3504 1126 3567 ecclesia
1147 3506 1336 3589 projecerat,
1360 3517 1481 3589 postea

323 3587 478 3652 Duuelmi
487 3587 661 3652 monachus
673 3589 788 3667 factm,
799 3590 861 3656 hoc
874 3589 1062 3654 miraculum
1074 3590 1189 3674 saepius
1199 3612 1329 3656 narrare
1339 3613 1482 3656 consue-

323 3686 428 3740 verat.

324 3935 424 4000 CAP.
444 3936 476 4000 V
472 3937 638 4001 Ill-De
652 3958 727 4020 equo
741 3939 895 4018 cujusdem
909 3937 1017 4012 militis
1035 3941 1069 4000 iu
1080 3937 1208 4018 furiam
1222 3958 1319 4014 uerso,
1344 3943 1403 4004 sed
1418 3962 1483 4024 per

413 4026 536 4105 pollam
548 4026 800 4106 superferatrum
814 4025 880 4104 ‹p‘us
886 4027 1022 4103 positum
1033 4027 1218 4088 mirabiliter
1232 4027 1370 4090 liberato.

370 4195 522 4270 Quodam
535 4210 680 4280 ternpore
692 4217 765 4258 curn
780 4193 855 4258 Rex
866 4195 1206 4260 ille'victoriosissimus
1220 4196 1411 4276 willelmus,
1421 4204 1482 4287 qui
1520 4189 1521 4196 ἵ

323 4281 518 4348 Normannis
548 4281 698 4370 Angiiam
722 4282 755 4344 in
778 4303 875 4346 manu
903 4282 979 4347 forti
1003 4283 1195 4370 subjugavit,
1222 4306 1296 4346 cum
1322 4289 1481 4351 exercitu
1520 4313 1521 4374 p

322 4368 429 4433 valido
452 4389 472 4450 a
502 4367 614 4434 sconia
635 4380 862 4450 reverteretur,
891 4369 976 4435 circa
1004 4369 1189 4459 locum'qui
1219 4393 1305 4442 nuuc
1337 4371 1483 4462 Nouum
