3094 5292
304 473 353 538 52
746 465 840 538 uni
868 473 1008 538 os'wrru

307 661 367 727 est,
384 645 460 713 licei
477 645 545 712 noll*
557 643 751 728 discernant,
768 649 805 714 ut'
821 651 856 714 s'e
871 643 1042 736 diligentes
1058 661 1092 712 et
1108 648 1185 733 ipsa
1200 645 1335 732 diligant
1348 670 1356 724 ;
1372 633 1461 711 illos}

309 731 373 824 qut}
388 733 563 824 sequentur
577 736 632 822 qui
651 735 737 801 boita
756 735 817 801 sibi
838 739 976 815 iaciunt,
990 745 1027 802 ub
1045 736 1218 800 familiares
1234 749 1268 798 se
1284 735 1331 799 eis
1348 734 1381 797 in
1396 735 1460 798 hoc

308 820 628 910 es'se'·deltrb'rrstrerll.
678 823 773 888 Solus'
786 838 896 890 autent
911 825 1011 892 horno'
1031 826 1090 910 p'ro
1112 824 1204 887 bonis
1227 829 1301 908 qdoe
1324 821 1461 906 percipit

309 911 351 982 de
367 930 462 974 manu
481 909 621 989 Domini,
638 909 744 975 Deum
760 911 819 976 bec
834 911 937 978 laudis
952 916 1031 977 io'ce
1046 915 1234 975 rumun'era't
1250 931 1309 973 nec
1325 909 1461 973 honore.

313 995 399 1062 Hinc
414 995 465 1078 est]
486 997 573 1100 ipro'd
597 998 751 1062 auxilium
773 1008 785 1020 ’“
804 1000 880 1064 stiae
902 1001 968 1066 Dei
990 995 1100 1063 ndstra
1119 998 1312 1084 quaudoque
1328 1005 1464 1080 peecata

309 1083 523 1237 ffaepedluua
541 1085 615 1175 quia
638 1083 711 1150 cu'iii
734 1021 995 1152 afSaublorum'
1017 1086 1146 1150 uomina
1168 1085 1359 1170 petitionem
1383 1083 1464 1147 faci-

332 1185 398 1251 um,
413 1181 524 1237 eorum
541 1169 671 1260 quidem
688 1171 806 1238 meritis
822 1177 943 1262 prtes'to'
957 1189 1006 1239 est
1021 1175 1108 1260 quod
1123 1173 1284 1258 p'etimus3
1307 1170 1364 1234 s'ed
1386 1191 1463 1234 nos-

311 1259 372 1330 trae
387 1256 489 1348 precis
505 1257 656 1324 effectum
672 1259 797 1348 assequi
812 1283 877 1326 non
892 1263 1043 1340 valemus,
1061 1260 1137 1350 quia
1152 1261 1203 1324 tel
1222 1259 1285 1323 alia
1300 1259 1351 1322 rel
1366 1258 1463 1322 aliter

311 1343 451 1434 petimus·
475 1346 572 1434 quani
596 1347 761 1412 debemus.
825 1344 924 1423 Quod
950 1363 1126 1436 utrumque
1150 1343 1278 1410 intuens
1301 1345 1464 1430 propbeta

313 1429 391 1498 dicit
403 1441 411 1510 ;'
430 1429 551 1498 “Deu's
563 1433 662 1512 ineos,
676 1436 822 1499 clamabo
838 1459 895 1522 per
904 1436 1000 1514 diem,
1018 1450 1051 1500 et
1065 1451 1129 1498 non
1142 1435 1297 1511 exaudes,
1308 1440 1342 1497 et
1352 1439 1462 1510 nocte,

315 1518 349 1586 el
365 1544 430 1585 non
445 1520 487 1585 a'd
502 1520 713 1608 insipientiam
730 1519 838 1586 mihi.''
888 1515 1091 1610 inscriptura
1106 1524 1195 1586 sacra
1209 1523 1291 1586 solet
1307 1543 1366 1605 per
1375 1520 1463 1584 diem

313 1605 519 1694 prosperitas,
537 1624 570 1673 et
592 1631 650 1696 per
676 1607 804 1674 noctem
828 1610 1002 1676 adversitas
1025 1611 1168 1700 figurari.
1217 1610 1261 1672 Hi
1286 1615 1366 1696 ergo
1381 1615 1463 1694 quos

310 1713 466 1786 prospera
488 1696 622 1788 erigere,
640 1693 673 1761 ei
696 1695 776 1848 ⁴puna
799 1697 932 1763 adversa
953 1705 1089 1784 possunt
1112 1697 1274 1774 inclinare,
1291 1718 1390 1780 super
1413 1694 1463 1758 his

312 1795 387 1877 quae
402 1781 517 1869 petunt
532 1783 596 1847 nori
612 1783 706 1849 eriau
722 1786 840 1863 ututur,
858 1787 933 1874 quia
947 1807 1056 1851 coram
1071 1785 1169 1850 oculis
1186 1783 1319 1848 Domini
1334 1803 1463 1869 eaquae

313 1871 440 1964 pelunt,'
454 1861 496 1936 all
508 1865 721 1967 ins'lpieniiam
731 1869 790 1937 slbi
805 1871 916 1958 peiere
927 1872 1182 1959 perpenduntur.
1230 1871 1318 1946 Quia
1329 1871 1355 1934 si
1367 1870 1463 1954 digne

314 1953 414 2043 digna
437 1953 595 2043 pete'reiit,
614 1957 726 2050 p'r'ocul
751 1959 850 2025 dubio
873 1979 940 2025 suoe
962 1960 1064 2047 precis
1088 1960 1281 2025 sortirentur
1302 1943 1462 2022 ellectum.

314 2041 347 2110 Is
363 2048 471 2110 auteni
487 2038 597 2124 frater,
611 2046 652 2112 de
668 2064 732 2136 quo
748 2048 841 2112 nobis
857 2053 962 2113 s'ermo
974 2062 1034 2126 est,
1049 2047 1103 2135 qui
1119 2069 1183 2112 non
1198 2045 1359 2132 prosperis
1375 2051 1464 2109 erec-

314 2129 377 2212 tu's,
395 2131 453 2198 ileo
469 2134 638 2219 depressus
661 2135 812 2214 adversis,
829 2135 913 2200 inter
925 2139 1099 2223 utrumque
1118 2147 1232 2199 tenens
1248 2134 1356 2198 medio
1372 2133 1465 2196 tutis:

316 2221 414 2286 simu‘s
437 2221 527 2296 ibat;
564 2236 599 2286 et
622 2230 659 2286 itt
686 2222 733 2287 rei
755 2219 905 2324 probarit
932 2217 1075 2300 effectus,
1104 2217 1201 2308 digne
1225 2221 1324 2306 digna
1348 2229 1463 2306 petens

316 2307 456 2398 optinuit
478 2330 537 2394 per
553 2304 663 2374 Sancti
685 2321 801 2374 merita
815 2303 888 2398 bade
903 2311 1030 2396 petivit.
1057 2311 1157 2396 Cujus
1172 2331 1230 2374 nos
1246 2321 1343 2374 testes
1355 2317 1463 2372 sumus

316 2391 359 2460 ad
381 2397 521 2481 plebem,
539 2395 660 2483 dequo
677 2395 740 2480 non
757 2397 868 2462 andita
883 2399 939 2463 sed
955 2398 1023 2464 visa
1036 2418 1213 2475 narramus,
1230 2419 1305 2484 quae
1327 2393 1361 2459 in
1377 2407 1466 2459 utro-

316 2499 380 2570 que
396 2477 526 2547 bomine
549 2484 630 2549 dura
645 2493 813 2578 perpessus
830 2499 878 2548 est
884 2505 894 2562 ς
912 2485 1054 2550 exterius
1070 2486 1199 2572 quidem
1216 2485 1306 2570 gravi
1321 2483 1464 2568 corporis

316 2565 501 2634 infirmitate
517 2570 667 2634 detentus
680 2593 688 2646 ;
709 2571 793 2634 intus
806 2567 882 2636 leto
898 2572 1042 2637 tribulati
1057 2573 1163 2637 cordis
1179 2571 1326 2656 angustia
1340 2572 1466 2635 labora-

315 2655 374 2721 vit.
401 2657 444 2740 Et
460 2653 536 2722 licet
550 2657 581 2722 ei
593 2655 700 2723 viveie
716 2657 839 2724 Cristus
855 2661 962 2738 fuerit,
977 2680 1084 2725 tamen
1100 2681 1168 2745 prae
1183 2657 1465 2744 augustiispiritlls

317 2741 424 2810 morbi
450 2741 509 2832 sibi
533 2743 658 2810 lucrum·
684 2747 882 2812 autumabat.
930 2749 1026 2812 Hunc
1052 2747 1163 2834 itaque
1186 2747 1320 2812 fratrem
1346 2745 1466 2830 duplici

316 2841 519 2919 praeventum
534 2829 750 2912 incommode,
764 2831 857 2899 dolor
868 2833 1047 2921 geminatus
1063 2837 1104 2900 ab
1117 2835 1203 2899 omni
1212 2835 1358 2899 ciborum
1370 2839 1477 2919 appe&

318 2922 381 2985 titu
396 2921 580 3006 suspendit3
604 2922 756 3008 omnique
772 2923 892 3006 saporis
911 2937 945 2988 et
960 2921 1103 2987 delectds
1119 2923 1258 2988 efficacia
1272 2943 1394 2999 carens,
1412 2920 1468 2984 trl-

317 3009 378 3072 bus
401 3008 514 3072 diebus
529 3031 605 3071 mon
622 3009 826 3073 manducavit
840 3033 946 3098 neque
965 3012 1058 3075 bibit.
1105 3010 1219 3097 Siquid
1234 3024 1342 3074 tamen
1357 3031 1467 3072 neees-

320 3095 414 3159 sitate
438 3110 563 3160 naturae
585 3095 736 3178 gustavit,
752 3096 869 3163 famem
891 3099 999 3183 potius
1023 3099 1146 3162 irritare
1162 3121 1259 3184 quarn
1274 3119 1467 3182 conpescere

315 3181 399 3246 velle
414 3181 617 3246 credebatur.
644 3183 704 3246 His
719 3182 765 3246 ita
780 3207 813 3249 se
829 3185 1031 3262 habentibus,
1044 3185 1097 3249 die
1109 3186 1314 3270 praecedente
1327 3183 1468 3268 vigiliam

319 3271 512 3335 Sanctorum
539 3265 688 3355 Sylnonis
715 3285 749 3335 et
773 3271 881 3350 Judae,
907 3269 963 3362 qui
987 3287 1063 3336 tunc
1088 3273 1249 3337 dominica
1275 3272 1465 3347 habebatur,

318 3379 392 3420 cunt
410 3380 452 3420 ex
476 3379 564 3420 more
588 3357 703 3422 fratres
726 3359 768 3422 ad
783 3361 894 3445 epulas
917 3361 1132 3439 convenirent,
1149 3360 1340 3425 deliberavit
1359 3381 1468 3424 secum

317 3439 419 3510 liater
434 3443 488 3508 ille
502 3441 656 3531 quidnam
672 3460 792 3530 ageret,
810 3471 850 3512 eo
865 3446 954 3536 quod
968 3447 1056 3512 nulla
1070 3445 1132 3512 cibi
1149 3448 1295 3512 voluntas
1317 3447 1404 3510 hunc
1428 3446 1469 3510 ad

317 3531 489 3626 'prandium
506 3531 673 3597 invitabat.
721 3534 835 3599 Fretus
851 3536 983 3600 tandem
1001 3535 1135 3599 meliore
1152 3535 1296 3612 consilio,
1313 3535 1469 3619 opti'manl

316 3619 379 3683 'sibi
394 3632 519 3706 partem
535 3619 643 3704 elegit,
660 3635 758 3708 quare
771 3636 931 3687 conventu
947 3637 980 3687 se
992 3620 1167 3700 reficiente,
1181 3621 1234 3687 ille
1246 3633 1355 3686 secum
1368 3623 1469 3685 socios

318 3705 544 3771 tantummodo
567 3707 705 3793 psalmos
732 3732 906 3786 assumens,
931 3713 963 3773 in
986 3709 1100 3796 quibus
1123 3731 1249 3795 semper
1275 3723 1363 3772 totus
1388 3723 1468 3785 erat,

315 3794 465 3858 'ascendit
480 3793 513 3856 ln
528 3796 684 3881 templum
700 3797 741 3860 ad
754 3796 943 3875 orationem,
961 3793 1089 3884 Deique
1107 3799 1260 3862 Sanctum
1276 3797 1387 3861 adiens
1402 3811 1471 3860 sese

315 3881 442 3967 'recepit
464 3882 497 3945 i'n
517 3883 610 3960 atri0‚
635 3904 810 3968 precesque
837 3881 939 3959 ludit;
962 3885 1156 3968 legationem
1178 3885 1310 3949 mittens
1332 3883 1469 3969 'rogabat

321 3968 498 4034 Dominum
530 3985 567 4033 ut
602 3991 642 4034 ea
677 3969 737 4033 sibi
773 3969 928 4054 dirigeret
964 3993 1037 4059 quae
1066 3971 1153 4058 pacis
1182 3987 1257 4036 sunt
1283 3983 1317 4036 et
1347 3971 1468 4036 salutis.

320 4055 411 4122 Dum
449 4065 558 4120 autern
598 4055 675 4119 inibi
717 4055 837 4119 diutins
876 4073 994 4138 oraret,
1027 4059 1159 4124 elevatis
1192 4067 1317 4122 sursum
1355 4059 1468 4136 oculis,

319 4144 431 4220 ¹Sancti
462 4143 612 4207 scrinium
644 4141 664 4205 a
695 4142 793 4227 priori
827 4144 933 4211 fronte
964 4148 998 4210 iu
1029 4161 1120 4232 parte
1150 4143 1231 4210 vidit
1258 4169 1331 4211 esse
1360 4147 1470 4211 detec-

320 4244 401 4310 tum,
436 4232 618 4316 pallamque
659 4232 723 4317 qua
763 4234 935 4318 tegebatur
978 4235 1165 4298 indecenter
1200 4249 1235 4298 et
1270 4234 1471 4319 inconposite

319 4319 395 4383 hinc
421 4317 495 4381 inde
521 4315 741 4382 fluctuantem.
803 4321 992 4407 Indignatus
1022 4343 1118 4406 super
1146 4319 1196 4385 his
1247 4345 1326 4384 uum
1354 4322 1471 4385 altario

324 4406 434 4472 Sancti
461 4403 628 4487 specialius
655 4406 868 4492 ministrabat,
889 4407 1032 4473 collectis
1057 4409 1090 4472 in
1113 4417 1152 4471 se
1172 4343 1291 4472 sitibus
1310 4425 1345 4472 se
1366 4421 1471 4473 toturn

320 4490 436 4569 erexit,
454 4505 488 4555 et
503 4491 613 4556 annisu
630 4516 695 4581 quo
710 4495 829 4580 potuit,
846 4491 1227 4581 scabello·i1npositus,in
1243 4495 1344 4560 ‘altare
1361 4496 1472 4562 Sancti
