3094 5292
491 439 602 490 anors
630 438 851 488 nurnonuur.
1228 422 1252 484 5

94 602 284 682 excederet,
302 602 393 690 quasi
416 602 518 666 filium
541 601 739 685 corriperet3
757 621 841 664 nunc
864 598 896 662 in
919 599 1015 662 rebus
1034 597 1249 683 spiritualibus

89 713 286 776 suspensum
301 690 391 778 quasi
414 691 536 756 socium
552 685 924 754 sermonum‘dulcedine
940 685 1065 752 foveret
1081 700 1115 750 et
1135 707 1250 750 accen·

98 779 204 844 deret.

67 1003 71 1008 Ι
97 1039 198 1104 CAP.
221 999 462 1119 IL-Qiatner
477 1040 548 1102 na
563 1040 694 1103 Serretes
714 1036 736 1102 ὰ
755 1037 867 1102 Sancto
882 1036 1015 1116 Aydono
1029 1040 1169 1116 episcopo
1183 1055 1251 1098 cor·

184 1137 298 1208 raptas,
315 1129 407 1191 emta
420 1129 508 1190 ,illins
524 1129 555 1188 in
570 1128 659 1190 corde
674 1145 728 1187 suo
742 1144 935 1198 muceranus,
953 1127 986 1185 in
995 1126 1139 1203 spiritum
1150 1123 1252 1185 huma

179 1217 281 1278 titum
295 1215 471 1294 antepedes
485 1213 551 1293 ey’us
565 1215 629 1276 solo
643 1221 730 1274 tentes
733 1211 850 1291 jacuit,
866 1217 901 1272 ut
914 1213 1034 1274 veniam
1048 1218 1223 1274 mereretur.

145 1389 253 1450 Vitam
270 1409 406 1472 namque
420 1407 512 1450 suam
528 1384 614 1448 omni
630 1383 786 1448 virtutum
800 1383 969 1446 honestate
983 1404 1043 1446 rex
1059 1381 1251 1447 informave-

94 1489 159 1552 rat,
176 1488 210 1538 et
226 1497 298 1560 qnae
317 1473 351 1536 in
366 1471 560 1558 pauperibus
576 1493 658 1549 rara,
676 1470 709 1534 in
725 1468 877 1534 divitibus
894 1492 970 1534 vero
986 1468 1074 1534 nulla
1089 1492 1158 1534 esse
1173 1491 1250 1534 eon-

95 1561 201 1625 suevit
216 1559 388 1637 humilitas,
405 1559 438 1623 in
455 1558 552 1643 regiae
567 1559 683 1622 mentis
698 1556 855 1642 penetrali
872 1556 1069 1621 domicilium
1084 1555 1143 1644 sibi
1159 1579 1250 1620 sanc-

95 1647 208 1711 cierat.
266 1648 332 1712 Sed
357 1659 513 1734 quantum
538 1644 700 1710 humilitas
728 1643 870 1708 omnium
898 1642 1050 1708 virtutum
1080 1656 1186 1707 mater
1215 1657 1249 1708 et

95 1736 340 1800 fundamentum
360 1757 429 1798 esse
449 1730 663 1818 cognoscitur,
689 1729 862 1796 dicendum
881 1743 931 1794 est
950 1731 1040 1814 cujus
1059 1729 1247 1794 humilitatis

94 1823 144 1885 vir
160 1822 219 1886 iste
235 1821 343 1899 fuerit,
357 1821 412 1908 qui
429 1834 477 1885 tot
491 1820 525 1884 in
540 1842 574 1884 se
589 1818 725 1883 virtutes
740 1818 890 1882 habuisse
902 1817 1031 1882 dicitur.
1080 1816 1146 1890 Qui
1161 1817 1248 1883 enim

94 1910 164 1973 sine
188 1909 369 1973 humilitate
394 1907 529 1972 virtutes
555 1919 743 1991 congregat,
766 1903 857 1990 quasi
877 1905 910 1968 iu
933 1918 1065 1970 ventum
1080 1904 1248 1989 pulverem

93 2009 214 2080 portat.
264 1996 340 2080 Ejus
352 1995 450 2080 igitur
466 1995 549 2059 inter
564 2007 697 2058 caeteras
710 1993 836 2056 virtutis
851 2003 885 2056 et
900 1993 1079 2068 modestiae,
1094 2005 1138 2069 et,
1152 2005 1188 2055 ut
1203 1991 1250 2056 ita

93 2085 211 2160 dicam,
225 2081 369 2167 specialis
384 2079 617 2146 benedictionis
632 2080 761 2164 glorias,
775 2077 873 2144 etiam
884 2080 1026 2143 maxima
1036 2078 1139 2144 fertur
1150 2077 1248 2143 fuisse

92 2171 267 2246 humilitas,
286 2182 322 2232 ut
341 2191 406 2232 uno
425 2169 563 2252 probare
579 2179 628 2230 sat
643 2167 704 2231 erit
719 2167 880 2252 exemplo.
927 2167 1127 2243 Donaverat,
1145 2165 1248 2250 inquit

96 2255 299 2321 Venerabilis
333 2255 435 2318 Baeda
462 2255 646 2340 presbyter,¹
672 2254 807 2318 Sanctus
834 2253 909 2317 Rex
935 2251 1081 2318 Oswiuus
1112 2251 1249 2316 antistiti

96 2343 238 2429 Aydano
255 2365 375 2429 equ-um
395 2341 562 2426 optimum,
580 2341 693 2427 inquo
713 2339 766 2406 ille
782 2339 926 2427 quamvis
943 2338 1106 2404 ambulare
1121 2337 1246 2418 solitus,

93 2431 148 2494 vel
168 2430 308 2494 amnium
328 2431 450 2494 fluenta
472 2428 617 2506 transire,
635 2427 684 2492 vel
707 2427 734 2490 si
756 2429 863 2514 aliqua
886 2425 1057 2490 necessitas
1073 2424 1246 2505 insisteret,

93 2518 179 2582 viam
195 2539 349 2605 peragere
366 2529 485 2600 posset.
535 2514 597 2580 Cui
609 2538 683 2579 cum
694 2537 795 2599 parvo
810 2515 981 2598 interjecto
997 2526 1155 2598 tempore,
1168 2535 1249 2600 pau-

92 2628 154 2689 per
168 2605 299 2691 quidam
319 2603 526 2668 elemosinam
548 2615 661 2688 petens
677 2614 872 2679 occurreret,
890 2600 1037 2666 desiliens
1053 2600 1107 2665 ille
1126 2622 1249 2686 praece-

92 2693 142 2776 pit
167 2714 284 2778 equum
312 2693 356 2756 ita
383 2703 419 2754 ut
446 2702 515 2755 erat
539 2702 656 2754 stratus
678 2689 840 2774 regaliter,
866 2687 998 2773 pauperi
1021 2688 1110 2752 dare.
1168 2687 1249 2754 Erat

92 2778 180 2842 enim
196 2779 333 2842 multum
347 2777 530 2853 ‚misericors
547 2790 580 2840 et
599 2777 704 2840 cultor
719 2798 907 2860 pauperum,
924 2797 961 2838 ac
976 2775 1067 2838 velut
1081 2787 1175 2858 pater
1189 2775 1249 2838 mi-

91 2888 251 2930 serorum.
300 2865 372 2928 Hoc
395 2887 469 2928 cum
492 2877 576 2928 esset
589 2863 660 2946 regi
680 2865 828 2940 relatum,
847 2861 976 2926 dicebat
991 2860 1156 2946 episcopo,
1174 2884 1249 2926 cum

91 2949 177 3016 forte
194 2952 246 3016 die
256 2951 394 3037 quidam
410 2950 579 3034 ingressuri
595 2963 699 3014 essent
710 2950 752 3013 ad
767 2947 947 3034 prandium,
967 2958 990 2989 “
1007 2947 1096 3022 Quid
1106 2947 1247 3028 voluisti,

92 3037 225 3104 domine
249 3038 392 3115 antistes,
419 3060 537 3124 equum
560 3059 595 3101 re
617 3036 686 3100 ium
710 3059 806 3123 quern
830 3049 864 3100 te
886 3034 1101 3100 conveniebat
1127 3035 1248 3102 habere

92 3126 271 3210 proprium,
289 3125 422 3210 pauperi
445 3126 551 3190 dare?
596 3062 687 3188 llum
710 3125 788 3210 quid
810 3146 875 3188 nou
897 3122 1065 3187 habuimus
1085 3146 1184 3211 equos
1201 3125 1249 3188 vi-

92 3214 190 3276 liores
206 3212 369 3297 plurimos,
387 3212 439 3276 vel
454 3212 531 3276 alias
541 3211 668 3296 species
681 3235 756 3298 qnae
772 3211 814 3278 ad
828 3232 1006 3295 pauperum
1022 3210 1107 3275 dona
1122 3211 1247 3276 suffice-

81 3293 177 3377 rent,
194 3299 337 3384 quamvis
352 3300 443 3363 illum
458 3299 489 3364 ei
504 3321 568 3362 non
584 3299 688 3376 dareS,
705 3321 800 3384 quem
814 3297 873 3362 tibi
887 3295 1068 3381 specialiter
1082 3296 1248 3382 possiden-

92 3387 173 3450 dum
196 3387 326 3472 elegi?''
365 3385 428 3450 Cui
449 3385 559 3449 statim
582 3385 751 3468 episcopus
764 3409 773 3459 ;
799 3383 924 3456 “Quid
953 3382 1112 3469 loqueris''
1143 3383 1247 3471 inquit

94 3484 118 3514 ‘⁴
132 3475 218 3538 rex?
242 3496 318 3536 num
341 3471 399 3535 tibi
422 3471 526 3536 carior
548 3485 597 3534 est
620 3471 674 3534 ille
696 3471 780 3534 filius
803 3492 896 3555 equae
919 3491 1015 3556 quarn
1030 3469 1114 3533 filius
1132 3469 1197 3534 Dei
1208 3473 1245 3536 ?’'

96 3560 225 3633 Quibus
249 3558 353 3636 dictis,
371 3558 534 3622 intrabant
549 3557 591 3622 ad
605 3557 785 3642 prandium,
803 3571 837 3620 et
853 3555 1020 3641 episcopus
1036 3556 1177 3644 quidem,
1194 3581 1247 3622 rc-

10 3665 31 3730 ᾗ
91 3646 222 3710 sidebat
245 3645 279 3708 in
301 3646 373 3710 loco
395 3667 465 3710 suo.
514 3644 617 3709 Porro
639 3667 699 3708 rex
722 3655 854 3708 venerat
877 3644 919 3706 de
943 3658 1073 3722 venatu,
1091 3657 1124 3710 et
1146 3644 1245 3732 coepit

92 3731 271 3799 consistens
297 3733 339 3797 od
365 3732 474 3797 focum
499 3732 636 3798 calefieri
660 3754 733 3796 cum
759 3730 921 3809 ministris,
946 3745 980 3796 et
1005 3733 1139 3817 repente
1161 3733 1245 3799 inter

92 3820 348 3894 calefaciendum
370 3820 540 3886 recordans
568 3820 701 3884 verbum
727 3819 815 3906 quod
838 3818 967 3882 dixerat
997 3818 1042 3882 illi
1066 3819 1243 3904 episcopus,

93 3907 246 3972 discinxit
261 3931 295 3972 se
311 3907 419 3992 gladio
434 3924 468 3971 et
483 3907 573 3971 dedit
590 3907 678 3971 illum
689 3906 844 3984 ministro,
862 3903 1060 3992 festinusque
1077 3907 1243 3984 accedeus,

93 4009 171 4060 ante
197 3995 297 4080 pedes
322 3994 463 4080 episcopi
489 3993 620 4072 corruit,
641 3994 806 4078 postulans
834 4005 869 4056 ut
895 3993 955 4056 sibi
980 3992 1123 4077 placatus
1148 4007 1244 4070 esset,

96 4093 120 4122 ‘⁶
131 4083 206 4168 quia
221 4084 402 4169 nunquam”
418 4081 524 4168 inquit
545 4081 730 4165 “deinceps
746 4082 859 4166 loquar
874 4080 915 4143 de
930 4080 993 4142 hoc
1008 4092 1064 4144 aut
1077 4080 1243 4163 judicabo,

92 4169 175 4256 quid
189 4182 245 4234 aut
260 4183 416 4269 quantum
431 4168 474 4232 de
489 4166 624 4252 pecunia
644 4169 752 4231 nostrat
770 4168 842 4230 filiis
862 4167 928 4229 Dei
947 4165 1097 4232 tribuas.''
1147 4168 1247 4242 Quod

93 4255 208 4320 videns
228 4278 396 4342 episcopus
415 4254 552 4320 multum
570 4254 747 4339 pertimuit,
764 4277 802 4318 ac
821 4253 930 4318 statim
948 4275 1109 4338 exurgens
1127 4255 1248 4322 levavit

92 4365 181 4419 eum,
199 4343 390 4426 promittens
409 4367 443 4408 se
463 4342 601 4406 multum
625 4340 669 4404 illi
692 4365 760 4406 esse
783 4341 956 4426 placatum,
979 4340 1057 4404 dum
1082 4343 1178 4406 modo
1194 4343 1248 4407 ille

91 4429 238 4494 residens
255 4431 297 4494 ad
317 4432 428 4516 epulas
446 4428 607 4496 tristitiam
623 4429 802 4578 deppneret
808 4453 817 4507 3
834 4452 971 4517 cumque
988 4451 1046 4494 rex
1058 4430 1197 4516 jubente
1213 4454 1250 4495 ac

641 4539 661 4578 a
