3094 5292
189 415 193 420 ’
271 431 320 498 24
360 457 363 460 ·
669 497 672 505 ,
704 449 808 510 ¹vrra
838 448 975 497 oswrur

272 621 318 692 te,
339 631 360 671 o
381 608 545 674 hominum
570 608 797 687 crudelissime,
822 620 857 673 et
879 631 944 672 non
974 609 1091 674 audisti
1114 629 1187 672 me:
1218 607 1331 691 rogavi
1356 607 1424 670 Do-
1529 601 1530 616 ¹

273 695 395 778 minum
411 709 444 761 et
463 697 640 762 Patronem
653 719 773 773 meum,
787 709 823 760 et
838 694 960 760 audivit
971 719 1033 762 me.
1081 695 1166 758 Ecce
1181 695 1269 760 enim
1283 694 1426 759 nesciens
1529 723 1530 750 τ

275 783 394 862 reddis,
407 806 504 870 quam
514 783 614 860 sciens
627 783 771 867 rapuisti,
784 784 882 850 telam
896 805 1001 848 meam
1012 806 1021 858 3
1038 795 1070 848 et
1080 805 1158 867 ques
1168 782 1258 846 vivus
1267 780 1424 858 meruisti,
1529 835 1530 846 ,

273 883 420 936 mortuus
442 869 503 934 luis
526 892 636 954 poenes
658 871 861 954 gehennales,
886 869 956 954 ipso
983 871 1101 934 Sancto
1114 870 1263 952 jubente,
1280 889 1377 954 quem
1391 867 1425 930 in

276 979 328 1020 me
348 956 597 1042 contempsisti.''
647 957 699 1020 Sic
719 957 763 1020 sic
778 979 844 1020 non
863 979 1026 1043 nunquam
1040 954 1215 1020 mirabilius
1234 954 1344 1018 Sancti
1355 953 1425 1038 pul-

276 1043 419 1107 sentibus
434 1043 592 1128 aperiunt,
615 1065 688 1107 cum
703 1065 794 1108 aures
816 1056 961 1113 avertere
977 1043 993 1106 it
1010 1042 1169 1108 desiderio
1184 1063 1362 1126 pauperum
1377 1063 1427 1103 es-

278 1129 442 1194 timantur.
490 1129 571 1194 Heri
594 1131 783 1214 importunis
806 1130 996 1214 singultibus
1018 1129 1157 1216 pulsavit
1172 1129 1291 1205 vetule,
1316 1138 1348 1190 et
1362 1127 1427 1188 dis-

278 1216 440 1286 simulavit
459 1218 594 1282 Sanetus
614 1218 771 1282 Oswinus.
819 1217 929 1281 Hodie
948 1219 1127 1302 desperatae
1146 1215 1280 1300 pauperi
1299 1213 1427 1278 reddita

278 1317 327 1367 est
343 1305 419 1382 tela,
440 1315 473 1368 et
492 1304 617 1380 caeteris
637 1305 782 1368 omnibus
799 1327 871 1390 quae
886 1305 1116 1389 perdiderant3
1135 1316 1169 1366 et
1184 1301 1323 1386 gloriose
1338 1322 1427 1384 mag·
1529 1355 1530 1364 ,

277 1391 425 1460 nificatus
437 1404 496 1468 est,
514 1391 569 1476 qui
585 1403 650 1454 tam
665 1391 822 1456 mirabilia
837 1404 987 1474 operatus
1004 1404 1062 1455 est.
1111 1391 1174 1454 Per
1190 1401 1292 1455 totam
1307 1386 1436 1473 quippe*

277 1477 486 1562 provinciam,
499 1499 575 1560 rege
590 1490 723 1562 peracto
734 1477 867 1565 negotio
882 1479 1050 1554 redeunte,
1068 1476 1187 1540 celebri
1202 1497 1347 1540 sermone
1360 1473 1429 1536 vul-

270 1643 272 1646 ·
301 1577 389 1628 atum
412 1578 461 1629 est
486 1567 619 1630 verbum
643 1565 739 1641 istud,
766 1579 799 1628 et
822 1564 890 1648 regi
911 1581 945 1630 et
970 1565 1117 1632 omnibus
1132 1562 1323 1648 primoribus
1346 1561 1426 1644 ejus,

278 1588 472 1739 ilartyrque
488 1652 521 1716 in
536 1651 695 1736 condigni
709 1651 890 1716 reverentii
903 1652 1030 1716 habitus
1046 1663 1106 1714 est.
1157 1701 1159 1704 .

283 1913 384 1975 CAP.
405 1913 659 1990 XL-Qualr‘ter
677 1915 727 1976 die
745 1917 958 1978 translationis
976 1914 1041 1994 ejrrs
1055 1915 1092 1976 de
1106 1915 1200 1976 reteri
1215 1915 1248 1974 in
1263 1929 1373 1972 amram
1383 1930 1430 1972 ec-

368 2001 501 2074 clesiam,
518 2021 613 2081 equas
637 2003 797 2082 crp'ttsdam
820 2003 951 2064 hominis
966 2003 1003 2063 de
1016 2001 1138 2078 scopulo
1153 2002 1186 2060 in
1197 1999 1352 2078 scopulum
1362 1998 1431 2076 lap·

368 2106 431 2161 sas,
453 2106 512 2148 nort
527 2089 622 2150 solum
639 2089 822 2150 mirabiliter
835 2089 872 2150 de
896 2089 1126 2160 immanissimo,
1150 2087 1232 2166 quod
1251 2085 1429 2156 subtererat,
1529 2143 1530 2148 ,

364 2176 541 2253 precipitio
565 2175 711 2250 salvatus,
736 2194 840 2238 veram
866 2178 958 2238 etiam
983 2169 1167 2246 mirabiliris,
1195 2179 1230 2234 at
1250 2178 1318 2233 erat
1337 2171 1431 2250 pedes

368 2263 497 2336 vinctus,
514 2281 636 2324 sursum
650 2265 693 2324 sit
706 2269 872 2324 revocatus.

329 2431 425 2494 Anno
446 2431 487 2494 ab
510 2431 725 2504 incarnatione
750 2431 884 2496 Domini
907 2430 1074 2495 millesimo
1097 2430 1270 2494 centesimo
1294 2429 1430 2503 decimo,
1529 2489 1530 2496 ,

283 2516 482 2601 temporibus
490 2517 622 2582 Heariei
637 2519 721 2604 regis
740 2517 867 2616 Angliee
882 2517 1174 2602 praecellentissimi,
1189 2516 1246 2579 filii
1260 2516 1344 2599 regis
1358 2515 1432 2580 Wil-
1529 2515 1530 2528 ¹

284 2602 382 2680 lelmi,
408 2603 463 2689 qui
485 2604 606 2690 Anglos
631 2603 825 2672 Normanrris
846 2627 879 2666 m
901 2626 997 2668 manu
1018 2603 1094 2668 forti
1115 2602 1268 2680 subdidit,
1286 2602 1433 2668 dominus
1529 2603 1530 2642 ³

288 2689 456 2767 Ricardus,
481 2691 579 2755 abbas
599 2691 742 2756 ecclesiae
770 2691 879 2754 Sancti
898 2690 1013 2754 Albani
1030 2692 1210 2778 Anglorum
1233 2690 1435 2773 prothomar·
1529 2705 1530 2720 ³

285 2776 376 2862 tyriS,
392 2777 552 2861 preciosas
570 2777 752 2842 Beatissimi
770 2777 873 2862 Regis
896 2791 930 2841 et
951 2778 1104 2863 Martyris
1130 2776 1250 2842 Oswini
1271 2776 1432 2862 reliquias,

284 2885 359 2926 curn
384 2886 502 2948 magno
527 2866 602 2940 cleri
629 2864 771 2949 tripudio
785 2863 825 2936 in
842 2887 958 2928 novem
985 2865 1111 2928 Sanctae
1129 2863 1245 2928 Mariae
1272 2861 1434 2926 transtulit

286 2951 453 3024 ecclesiam
475 2952 516 3014 de
542 2951 780 3036 Tynemudthd,
806 2953 847 3016 ab
869 2951 1036 3016 ecclesiolis
1058 2951 1203 3035 ejusdem
1225 2949 1376 3032 Virginis,
1402 2949 1436 3012 in
1529 2993 1530 3008 ,

287 3037 352 3122 qud
367 3059 481 3120 corpus
496 3041 564 3123 ejus
580 3038 809 3101 sanctissimum
825 3039 988 3108 inventum
1004 3051 1067 3113 est3
1083 3046 1115 3102 et
1132 3038 1173 3100 de
1189 3037 1291 3100 veteri
1302 3035 1435 3112 Feretro,

286 3146 352 3208 quo
383 3122 437 3186 diu
457 3123 693 3201 continebatur,
714 3124 746 3188 in
764 3147 883 3188 novum
901 3125 1131 3188 honorabiliter
1150 3123 1435 3198 sublimetumest,
1529 3109 1530 3132 ³

287 3209 388 3274 tercii
406 3209 530 3274 decimis
551 3211 760 3275 kalendarum
776 3211 1024 3296 Septembrium,
1050 3211 1102 3274 die
1121 3210 1184 3296 qud
1202 3223 1235 3274 et
1254 3232 1363 3293 passus
1375 3223 1436 3274 est.

291 3296 471 3360 interfuere
492 3297 588 3360 etiam
604 3297 698 3382 hujus
714 3299 866 3382 jocundae
881 3298 1063 3362 festivitatis
1073 3299 1141 3381 jam
1157 3296 1324 3380 duplicatis
1340 3309 1376 3358 ut
1391 3295 1438 3358 ita

288 3383 425 3448 dixerim
458 3383 571 3461 audiis,
582 3384 736 3448 Ranulfus
748 3385 974 3450 Dunelmensis
983 3383 1324 3469 Episcopus,dominus
1336 3382 1437 3468 Hugo
1529 3393 1530 3406 ³

287 3471 387 3549 ebbas
401 3409 656 3548 Sdiesberiensis,
672 3473 819 3546 nonsine
834 3471 982 3556 religiose
995 3472 1224 3537 monachorum
1239 3470 1291 3534 vel
1306 3468 1440 3533 clerico-
1529 3531 1530 3536 ,

289 3580 361 3622 rum
375 3557 606 3622 multitudine„
643 3559 807 3632 Quantum
827 3572 934 3624 autem
949 3558 1121 3642 promiscui
1136 3557 1232 3622 sexis
1247 3579 1285 3620 ac
1301 3555 1438 3621 diverses

289 3643 394 3728 rietatis
424 3645 589 3728 populum,
617 3646 659 3710 ad
687 3658 785 3710 tantae
804 3645 1013 3710 solemnitatis
1040 3644 1287 3710 celebrationem
1314 3642 1438 3706 famosa
1529 3703 1530 3730 ἢ

294 3730 389 3794 Beati
411 3730 564 3816 Martyris
583 3733 685 3816 gloria
703 3732 896 3809 invitaverit,
918 3732 1068 3795 invitatos
1084 3731 1124 3794 de
1146 3731 1277 3794 diversis
1294 3729 1438 3814 partibus

291 3818 544 3900 congregaverit,
571 3819 709 3903 parvitas
735 3831 845 3883 nostra
866 3817 986 3882 referre
1013 3840 1077 3883 non
1100 3817 1226 3881 sufficit.
1275 3817 1324 3882 Ut
1351 3817 1439 3880 enim
1529 3807 1530 3888 f

281 3987 282 3990 Ἴ
295 3904 405 3968 Sancti
422 3905 575 3991 Martyris
590 3906 705 3970 merita
718 3906 858 3994 gloriosa
874 3918 948 3969 tunc
964 3904 1061 3968 etiem
1077 3903 1222 3969 exsolito
1233 3903 1441 3987 propalaren·

255 4031 260 4040 -
291 4003 355 4067 tur,
376 4014 442 4055 non
457 3993 524 4057 sine
544 3993 652 4056 divino
673 4006 754 4057 nutu
773 4003 822 4055 tot
836 4015 874 4055 ac
895 4003 1057 4056 tantorum
1079 3991 1260 4056 testimonia
1274 3989 1442 4054 hominum
1529 4031 1530 4064 ,

291 4077 417 4142 affuisse
440 4080 636 4144 credendum
658 4091 718 4143 est.
756 4079 804 4142 'In
826 4101 963 4164 quorum
985 4079 1128 4144 omnium
1149 4076 1248 4142 ferme
1269 4075 1442 4161 praesentis
1529 4071 1530 4120 l

294 4164 444 4232 divinitis
463 4167 661 4231 declaratum
677 4176 735 4242 est,
756 4187 904 4250 quaenam
918 4165 981 4229 sint
996 4167 1083 4250 apud
1100 4165 1275 4229 Dominum
1291 4164 1361 4247 ejus
1375 4185 1445 4226 me-

292 4251 365 4328 rita,
382 4275 440 4316 cur
455 4252 522 4336 ipsit
536 4253 589 4316 die
605 4252 808 4317 celebrantur
822 4253 903 4318 festa
918 4253 1066 4337 duplicia.
1086 4253 1169 4316 Cum
1184 4251 1269 4314 enim
1279 4251 1349 4333 jem
1364 4248 1444 4313 dicti

292 4341 399 4423 patres
412 4339 491 4402 illud
506 4361 639 4402 summae
648 4338 828 4406 devotionis
840 4352 872 4404 et
884 4339 1012 4425 pietatis
1024 4338 1130 4403 studio
1143 4337 1282 4402 officium
1294 4337 1446 4400 exultan-

292 4426 376 4491 tibus
393 4424 503 4511 animis
518 4425 725 4516 peregissent,
736 4426 974 4513 celebratisque
989 4425 1154 4492 missarum
1167 4423 1338 4502 solemniis,
1353 4423 1447 4508 plebs
