3094 5292
489 521 600 570 anais
627 518 848 570 uaraoauiu.
1197 505 1248 585 17

95 680 323 744 miraculorum
345 679 516 744 celebratio
540 681 706 745 innumera
720 681 850 744 silenter
870 679 986 765 allegat
1000 681 1042 746 de
1058 679 1246 748 meritorum

95 770 165 852 ejus
181 766 405 852 praerogativd.
453 767 538 830 Pace
558 769 750 832 Sanctorum
770 767 896 852 Anglioe
911 768 1049 832 dixerim
1064 791 1130 832 non
1145 781 1196 832 est
1211 769 1245 832 in

95 876 207 918 eorum
221 875 366 931 numero,
377 853 431 939 qui
447 852 588 916 crebrius
604 853 735 918 innovet
750 853 850 937 signa,
867 855 922 940 qui
938 852 1127 938 singulariirs
1143 855 1247 918 inmu-

95 950 144 1003 tet
159 939 327 1015 mirabilia,
344 939 399 1024 qui
415 938 588 1004 districtior
603 940 836 1004 animadvertat
852 941 884 1004 in
901 941 1049 1018 discolos,
1067 940 1121 1028 qui
1136 941 1245 1025 propi·

95 1027 162 1090 cior
173 1027 274 1090 bonos
287 1025 441 1089 exaudiat
451 1039 484 1090 et
494 1027 667 1090 modestos.
716 1027 790 1090 Rex
805 1027 902 1111 igitur
914 1041 946 1092 et
960 1026 1088 1113 Martyr
1104 1027 1243 1105 0swiue‚

96 1111 375 1196 nostris'precibus
391 1135 501 1176 aurem
513 1112 630 1176 inclina
645 1112 854 1176 serenissimae
866 1115 1045 1178 clementiae
1061 1127 1137 1189 tuae,
1155 1125 1188 1176 et
1205 1113 1247 1178 ad

95 1199 230 1264 celebris
252 1198 447 1268 inventionis
463 1211 528 1264 tuae
551 1199 686 1282 gloriam
709 1200 975 1264 reconciliationis
997 1200 1133 1288 gratiam
1150 1200 1248 1264 hodie
1272 1211 1275 1214 '

94 1297 278 1350 mereantur
293 1297 411 1348 nostrae
423 1285 568 1349 miseriae.
617 1285 727 1349 Passio
738 1297 794 1352 tua
805 1300 915 1350 sancta
929 1286 989 1351 soli
1005 1287 1063 1350 tibi
1078 1285 1248 1350 concinnet

94 1370 285 1436 aeternitatis
301 1371 516 1447 domicilium;
532 1372 673 1436 inventio
689 1371 767 1435 verb
784 1372 936 1458 corporiS,
953 1375 1109 1438 universae
1125 1373 1247 1436 nationi

96 1457 254 1546 Anglicae‚
272 1469 338 1521 tam
361 1457 461 1521 incliti
476 1458 624 1522 advocati
640 1458 799 1523 diffundat
821 1459 1045 1543 patrocinium.
1093 1459 1247 1522 Gaudeat

99 1544 217 1631 Anglia
230 1557 265 1608 et
280 1543 446 1628 plenitudo
462 1546 529 1629 ejus
545 1545 634 1630 quod
648 1545 689 1609 de
705 1568 738 1608 se
754 1546 924 1629 protulerit
943 1547 1091 1610 arborem
1105 1545 1139 1608 in
1155 1545 1247 1609 terris

95 1631 225 1717 quidem
240 1654 330 1694 secus
347 1631 499 1696 decursus
515 1654 668 1718 aquarum
684 1632 871 1715 plantatam,
890 1645 922 1696 et
937 1632 1091 1696 cimarum
1106 1631 1247 1715 proceri·

96 1729 163 1782 tate
187 1739 281 1801 super
304 1717 399 1781 caelos
422 1718 609 1782 exaltatam.
658 1719 830 1782 Gaudeant
853 1718 1034 1802 specialiter
1058 1718 1171 1802 Deyri‚
1192 1719 1247 1805 qui

95 1826 205 1887 regem
220 1827 313 1868 suum
332 1804 364 1866 in
383 1817 556 1888 patronum
575 1827 668 1868 suum
687 1817 977 1882 commutaverunt,
995 1818 1029 1870 et
1048 1805 1089 1868 de
1105 1804 1151 1868 ira
1169 1803 1244 1881 Dei,

95 1894 161 1977 ejus
177 1890 355 1974 patrocinio
367 1891 436 1954 erui
451 1905 647 1956 meruerunt.
694 1891 835 1956 Doleaut
854 1891 993 1956 Bernicii
1009 1914 1067 1956 suo
1077 1891 1194 1977 jugulo
1206 1891 1247 1956 de
1275 1895 1278 1902 “

96 1977 203 2041 medio
226 1976 385 2041 sublatum
410 1978 597 2042 humilitatis
620 1978 794 2062 speculum,
820 1979 975 2043 castitatis
1002 1978 1185 2056 sacrarium,
1214 1992 1247 2042 et

97 2063 269 2127 triclinium
291 2064 443 2128 caritatis.
490 2065 626 2128 Discant
649 2087 707 2148 pro
723 2067 808 2128 malo
822 2067 944 2129 bonum
959 2065 1105 2142 reddere,
1123 2064 1178 2151 qui
1200 2065 1248 2128 in-

97 2149 253 2214 ventionis
269 2163 413 2234 tempore
433 2151 611 2235 propicium
626 2151 768 2214 sentiunt
790 2174 849 2235 pro
866 2151 1053 2215 meritorum
1073 2150 1246 2234 exigentia,

96 2259 192 2323 quem
207 2236 360 2320 passionis
376 2237 511 2300 articulo
527 2237 704 2302 forantibus
715 2237 830 2320 jaculis
845 2237 1071 2314 confoderunt,
1088 2259 1147 2320 pro
1163 2237 1246 2320 regis

97 2323 144 2388 sui
159 2323 349 2407 complenda
365 2323 515 2410 nequitia.
536 2325 728 2388 Studeamus
745 2336 778 2388 et
794 2347 851 2387 nos
867 2347 940 2387 cum
958 2322 1074 2408 Deyris
1094 2323 1246 2406 gaudere,

97 2424 131 2474 et
153 2433 226 2474 cum
245 2410 399 2474 Berniciis
420 2433 587 2475 caveamus
604 2411 713 2476 dolere
724 2434 733 2486 ;
758 2423 793 2474 ut
813 2411 845 2474 in
865 2411 1012 2474 omnibus
1032 2409 1163 2494 agendis
1179 2410 1247 2494 ejus

96 2507 265 2581 patronam
290 2497 461 2560 sentiamus
488 2497 703 2573 clementiam,
728 2497 784 2583 qui
810 2497 943 2562 Domini
969 2497 1070 2562 Jhesu
1094 2497 1126 2558 in
1153 2497 1247 2562 nullis

98 2583 231 2648 offendit
260 2583 479 2666 voluntatem,
501 2585 657 2672 largiente
688 2585 802 2648 eodem
834 2583 976 2648 Domino
1006 2596 1116 2647 nostro
1146 2584 1246 2648 Jhesu

100 2671 217 2747 Crist0‚
235 2669 286 2732 cui
306 2683 354 2734 est
375 2692 448 2734 cum
470 2672 567 2735 Patre
586 2684 619 2736 et
644 2669 765 2754 Spiritu
789 2672 909 2736 Sancto
925 2670 1118 2754 sempiterna
1133 2670 1247 2754 gloria.

99 2759 216 2822 Auen.
249 2801 251 2808 -
366 2815 371 2822 .
1158 2801 1162 2807 -

97 3019 194 3087 CAP.
216 3017 412 3100 V-Iacipit
427 3019 579 3100 praefatio
597 3021 635 3081 de
655 3021 818 3083 virtutibus
839 3027 869 3082 et
889 3019 1050 3084 miraculis
1068 3020 1198 3100 qlortosi
1219 3029 1250 3083 et

181 3107 375 3172 sanctissimi
391 3107 488 3188 Rapis
504 3105 662 3186 Martyris
677 3108 853 3186 Deproram
871 3107 1002 3181 oswini,
1019 3125 1088 3188 quta
1096 3113 1171 3186 post
1182 3108 1248 3187 ejus

182 3195 319 3272 corporis
341 3195 553 3256 revelationem
575 3192 664 3272 lotape*
684 3194 802 3276 lute‘que
817 3196 978 3274 divulyata
993 3201 1072 3268 caat,
1083 3202 1119 3256 ‘ct
1131 3213 1199 3275 quc
1214 3197 1247 3255 in

181 3281 316 3342 macimd
331 3283 522 3343 veneratione
536 3280 694 3342 habentur.

144 3450 357 3515 Ordinaturus
383 3451 536 3516 miracula
565 3474 637 3537 quae
669 3451 760 3515 Deus
784 3471 842 3534 per
865 3449 1029 3514 ¹Sanctum
1061 3449 1245 3536 Deyrorum

98 3537 224 3621 Regem
248 3551 280 3602 et
306 3537 489 3623 Martyrum
508 3537 672 3601 Oswinum
691 3536 867 3614 innovavit,
885 3537 1054 3601 exordium
1070 3536 1202 3601 instituo
1226 3539 1245 3602 d

94 3623 238 3689 veritatis
264 3647 344 3689 voce
366 3647 439 3710 quae
461 3623 556 3702 dixit,
581 3647 680 3709 opera
694 3647 767 3710 quae
788 3623 923 3688 Sanctus
950 3620 1025 3688 Rex
1046 3624 1135 3703 facit,
1157 3625 1245 3688 testi-

95 3711 242 3776 monium
253 3711 422 3797 perhibent
437 3712 478 3775 de
494 3711 560 3775 illo.
594 3711 637 3776 Et
652 3712 726 3776 ideo
742 3712 817 3776 licet
833 3714 900 3796 ejus
916 3710 982 3782 vita
997 3734 1056 3776 nec
1072 3724 1109 3778 ut
1124 3712 1244 3791 decuit,

96 3821 156 3862 nec
172 3812 207 3862 ut
223 3798 351 3876 meruit,
365 3798 428 3862 stili
445 3811 493 3862 est
509 3798 540 3861 in
555 3799 661 3863 lucem
677 3799 803 3883 prolata
818 3798 935 3875 offici03
948 3799 1111 3882 signorum
1124 3812 1242 3877 tamen,

95 3886 114 3949 a
139 3886 257 3950 saeculo
280 3885 497 3948 inauditorum
520 3886 562 3949 ad
582 3886 649 3970 ejus
665 3886 806 3949 tumbam
818 3884 905 3971 jugis
921 3885 1089 3961 exhibitio,
1107 3885 1140 3949 in
1155 3886 1245 3950 nullo

95 3971 251 4037 dissidens
264 3970 282 4034 *a
298 3995 385 4049 vero,
397 3971 589 4056 privilegiati
601 3972 707 4036 meriti
723 3975 790 4058 ejus
803 3984 851 4035 est
861 3971 1037 4036 attestatio
1068 3972 1245 4055 Contigere

93 4059 215 4145 quippe
230 4071 348 4144 potest,
365 4071 402 4122 ut
417 4059 513 4143 signis
528 4072 602 4143 post
616 4070 753 4122 mortem
774 4081 838 4122 non
853 4058 1032 4135 choruscat,
1049 4058 1105 4144 qui
1121 4058 1247 4122 virtuti-

92 4147 154 4210 bus
171 4147 382 4211 choruscabat
398 4147 503 4210 adbuc
519 4145 627 4210 vivens
633 4170 642 4222 3
659 4145 716 4210 sed
731 4145 870 4231 aliquem
885 4157 958 4228 post
973 4156 1110 4208 mortem
1122 4145 1245 4210 clarere

91 4232 264 4310 miraculis,
282 4231 336 4320 qui
351 4233 385 4296 in
400 4233 466 4296 vitia
480 4255 545 4296 non
568 4232 682 4298 claruit
704 4231 836 4308 meritis,
853 4253 912 4294 nec
932 4231 1050 4314 legitur
1065 4254 1125 4295 nec
1141 4233 1245 4296 credi·
1279 4307 1280 4310 Ἴ

91 4331 157 4384 tur.
180 4358 182 4364 ν
207 4319 251 4383 Et
266 4320 363 4403 igitur
377 4320 511 4384 celebris
527 4322 689 4408 signorum
704 4341 762 4403 per
777 4319 916 4382 Beatum
934 4318 1099 4383 Oswinum
1113 4319 1245 4384 innova-

89 4406 150 4484 tio,
181 4407 386 4493 antiquorum
411 4419 539 4492 patrum
563 4430 628 4472 non
653 4407 733 4470 levis
757 4405 929 4482 accusatio,
960 4405 1014 4492 qui
1044 4406 1144 4470 vitam
1174 4407 1241 4491 ejus

87 4493 281 4564 meritorum
296 4493 393 4562 radiis
408 4495 579 4562 innumeris
594 4493 817 4582 praefulgidam
840 4493 899 4558 sub
922 4493 1105 4560 detestandi
1126 4493 1241 4560 silentii

658 4602 679 4645 Β
