3132 5286
331 480 382 570 76
708 502 899 555 arsamus
926 505 977 557 ns
1005 502 1108 555 oaru

340 691 412 732 rum
435 667 608 732 abeuntem
631 665 737 732 redire
761 667 925 751 permisit3
941 664 1060 743 dicens,
1086 665 1201 730 “Vide
1222 677 1257 730 ut
1279 687 1389 730 senem
1406 685 1487 750 prae-

340 767 503 840 captorem
522 769 611 819 tuum
628 779 669 819 ex
684 777 758 817 meo
775 756 915 832 nomine,
933 755 1020 840 quod
1037 769 1085 818 est
1101 753 1340 839 inexplicabile,
1357 754 1489 829 saluteS,
1556 793 1557 800 κ

340 859 374 907 et
389 843 466 928 quid
491 843 692 907 haecomnia
716 842 774 906 tibi
798 842 992 927 portendant
1013 841 1193 928 plenissime
1216 843 1257 904 ab
1285 840 1341 905 illo
1368 842 1490 906 discere

340 931 492 1018 poteris.''

778 1265 895 1343 [CAP.
922 1263 1053 1342 XVII.]

390 1493 476 1556 Puer
508 1513 584 1554 vero
619 1488 724 1553 statim
762 1489 907 1574 magistri
934 1488 1075 1553 vultibus
1108 1500 1333 1572 praesentatur..
1385 1487 1491 1553 Senex

344 1603 421 1644 vero
437 1601 514 1642 mox
531 1578 604 1642 visis
620 1575 754 1640 vasculis
778 1576 916 1653 subrisit,
934 1589 966 1639 et
984 1599 1048 1640 uno
1072 1597 1183 1639 eorum
1199 1576 1276 1640 dato
1291 1598 1395 1660 puero
1410 1576 1492 1639 intu-

344 1668 391 1731 lit.
439 1677 459 1707 “
474 1667 535 1743 En,
552 1688 642 1750 puer,
661 1664 740 1728 mira
764 1664 795 1726 in
823 1679 855 1727 te
882 1663 991 1727 futura
1017 1662 1115 1726 virtus
1131 1663 1238 1727 divina
1253 1663 1491 1748 praesignavit.''

346 1756 425 1818 Erat
442 1769 547 1817 autem
575 1753 623 1816 vir
647 1753 710 1828 ille,
728 1755 780 1836 qui
798 1774 899 1835 puero
915 1750 1106 1834 comparuit,
1125 1765 1250 1814 matura
1264 1751 1345 1815 facie
1361 1768 1396 1815 et
1411 1775 1492 1815 cana

343 1841 581 1926 pulchritudine
596 1841 752 1924 perfusus,
770 1854 801 1902 et
816 1840 905 1902 velut
922 1839 1002 1921 ignis
1017 1839 1149 1901 rutilans
1165 1840 1294 1902 flamma
1309 1839 1492 1904 choruscus

347 1929 483 1992 Petente
499 1928 626 1991 demum
643 1949 754 2012 puer0,
771 1941 808 1989 ut
820 1926 849 1989 ei
865 1926 1017 2012 magister
1033 1926 1099 1989 visa
1115 1927 1286 1990 secretiora
1302 1941 1493 2012 exponeret,

346 2015 398 2080 ille
425 2016 614 2102 obsequens
641 2016 748 2078 omnia
771 2013 910 2077 dilucide
934 2013 1058 2090 institit,
1088 2027 1123 2076 ut
1151 2014 1317 2078 enodatius
1344 2015 1494 2099 aperiret.

347 2113 368 2145 ‘·
380 2105 503 2168 Senex’'
520 2104 664 2188 inquiens
693 2113 714 2144 “
726 2124 823 2165 canus
850 2115 883 2165 et
909 2118 1051 2166 maturus
1074 2101 1136 2165 Dei
1154 2102 1287 2166 nuncius
1305 2102 1361 2166 tibi
1378 2103 1492 2180 astitit,

345 2191 453 2255 futura
468 2191 725 2276 compendiosius
738 2190 933 2254 detecturus
970 2189 1053 2252 Nam
1068 2189 1223 2267 navicula,
1236 2213 1301 2276 qua
1312 2191 1379 2254 salo
1395 2191 1495 2254 deve-

344 2279 461 2356 himur,
490 2279 634 2343 ecclesiae
662 2291 781 2342 sanetae
808 2291 856 2342 est
880 2300 967 2352 cura,
984 2299 1056 2362 quae
1078 2291 1143 2340 tuae
1165 2277 1196 2339 in
1219 2277 1329 2341 alienis
1345 2279 1492 2363 partibus

345 2367 499 2430 custodiae
524 2390 544 2430 a
571 2366 714 2430 Domino
739 2366 917 2448 delegatur.
967 2365 1091 2428 Domus
1110 2368 1161 2428 cui
1190 2365 1315 2429 inhaesit
1338 2367 1493 2444 anchora,

345 2453 482 2516 caelestis
506 2468 554 2517 est
579 2467 610 2517 et
634 2452 774 2516 solitaria
790 2452 925 2528 mansio,
943 2475 1016 2540 quae
1033 2453 1091 2516 tibi
1108 2453 1138 2514 in
1155 2452 1259 2516 aliena
1276 2457 1493 2541 praesignatur

345 2540 520 2624 provincia.
568 2541 653 2603 Haec
685 2539 744 2603 tria
776 2562 850 2603 vero
881 2540 1009 2603 vascula
1040 2541 1132 2604 unius
1163 2545 1195 2603 in
1223 2556 1333 2605 sancta
1349 2542 1495 2607 trinitate

348 2627 487 2691 Deitatis
503 2628 650 2692 colendae
666 2642 699 2690 et
711 2628 925 2712 praedicandae
939 2632 1133 2711 praesignant
1148 2629 1353 2714 exemplaria.
1399 2631 1498 2707 Quo-

344 2737 415 2778 rum
430 2715 509 2779 mihi
525 2716 591 2780 duo
614 2717 783 2793 debentur,
800 2714 876 2801 quia
892 2715 1023 2779 rudibus
1046 2716 1173 2802 populis
1195 2717 1407 2795 credentibus,
1428 2721 1497 2782 duo

345 2805 569 2869 tantummodo
595 2818 669 2868 suut
695 2818 858 2889 praecepta
880 2803 1094 2887 praedicanda.
1144 2804 1221 2868 Uno
1237 2826 1314 2868 vero
1330 2828 1402 2869 vase
1420 2808 1500 2870 soli-

345 2892 425 2955 tudo
451 2906 516 2956 tuae
543 2892 702 2975 religiosae
726 2891 930 2956 conscientiae
961 2891 1152 2969 ostenditur,
1180 2914 1252 2976 quae
1278 2893 1360 2956 aulae
1387 2894 1498 2958 unicae

347 2978 487 3042 Deitatis
517 2980 626 3043 futura
652 2979 847 3063 praedicitur.
896 2978 970 3042 Nou
1001 2980 1150 3066 equidem
1174 2980 1305 3043 ulterius
1329 2981 1441 3044 vivens
1466 2983 1497 3046 in

345 3087 483 3149 corpore
495 3067 528 3128 in
540 3067 598 3130 has
611 3068 790 3149 provincias
803 3090 837 3130 es
850 3088 1045 3143 reversurus,
1056 3067 1112 3130 sed
1129 3066 1230 3150 magis
1242 3090 1300 3152 per
1316 3068 1500 3136 Britanniae

345 3152 425 3215 fines
450 3166 564 3236 gentes
590 3152 743 3238 plurimas
771 3176 981 3218 conversurus
1004 3155 1196 3222 incredulas.
1246 3154 1330 3218 Nam
1354 3180 1401 3235 ea,
1420 3182 1497 3245 quae

345 3237 462 3319 vidisti,
479 3252 553 3306 sunt
563 3241 760 3326 exemplaria
770 3241 961 3320 futurorum,
974 3264 1038 3305 non
1054 3242 1222 3307 fantastica
1233 3243 1370 3308 ludibria
1385 3269 1496 3332 somp-

344 3326 505 3394 niorum.''
547 3329 597 3392 Ad
614 3329 715 3393 litoris
731 3331 831 3414 optati
847 3345 974 3415 portum
992 3331 1121 3394 demum
1135 3332 1360 3415 pervenientes
1376 3351 1497 3412 cuncta

347 3415 408 3478 sibi
432 3417 590 3482 salubrius
617 3417 758 3482 arridere
786 3420 998 3503 congaudent,
1016 3432 1049 3482 et
1064 3419 1129 3482 Dei
1147 3439 1278 3482 munera
1293 3419 1352 3483 sibi
1369 3424 1402 3486 in
1419 3424 1497 3489 mis-

347 3505 435 3568 teriis
450 3506 602 3586 revelata,
620 3529 694 3569 cum
710 3506 813 3571 multa
827 3508 972 3572 cordium
988 3505 1152 3571 alacritate
1169 3507 1350 3576 sustollunt.

773 3889 889 3978 [cre.
915 3886 1064 3974 arnt]

394 4115 478 4178 Ecce
494 4114 593 4202 igitur
608 4115 669 4180 illis
685 4117 717 4178 in
732 4112 829 4198 portu
842 4111 1059 4177 residentibus
1083 4126 1116 4177 et
1139 4115 1285 4178 certatim
1302 4116 1345 4180 de
1362 4121 1439 4186 navi
1463 4123 1498 4187 in

347 4202 478 4292 Angliae
492 4202 602 4268 littora
615 4201 766 4290 progredi
789 4202 1024 4276 festinantibus,
1041 4200 1148 4266 subito
1164 4225 1236 4266 curn
1253 4205 1377 4288 impetu
1395 4211 1503 4274 maxi.

346 4315 401 4356 mo
426 4291 541 4356 vitulus
566 4292 620 4355 ille
643 4293 784 4354 marinus
808 4290 993 4367 adveniens,
1018 4287 1123 4352 exitus
1146 4289 1248 4353 litoris
1271 4293 1443 4379 anticipat,
1470 4315 1504 4364 et

345 4379 463 4444 librum
486 4401 582 4463 super
604 4379 726 4443 aridam
750 4379 903 4445 evomuit.
960 4377 1054 4440 Tunc
1070 4378 1297 4462 congratulans
1313 4386 1504 4462 comminus

344 4466 490 4545 accessit,
507 4465 687 4554 librumque
703 4489 795 4532 suum
810 4465 939 4550 recepit.
990 4463 1110 4529 Videas
1126 4464 1265 4553 denique
1282 4489 1363 4552 puer
1380 4472 1506 4540 librum
