3132 5286
465 536 603 589 suucrr
630 535 868 589 cursurum.
1188 521 1237 604 87

89 727 205 768 revera
225 701 370 789 quisquis
397 702 545 785 ipsorum·
567 700 743 764 sanctitatis
763 700 898 788 vestigia
912 715 1057 780 noverat,
1075 704 1116 767 de
1131 703 1238 767 verbis

88 793 218 856 illorum
235 804 268 854 et
283 789 424 853 veritatis
439 791 670 873 protestatione
685 788 833 852 dubitare
849 813 913 851 non
930 803 1068 874 poterat.
1104 791 1239 855 Sanctus

90 879 242 967 equidem
272 876 452 940 Malachias
478 879 547 964 regi
575 876 681 939 David
711 877 896 940 Scottorum
922 900 1016 961 quam
1043 878 1183 962 plurima
1198 880 1239 943 de

90 968 152 1031 hiis
179 964 299 1041 retulit,
326 977 359 1027 et
387 963 557 1027 Manrilius
574 985 737 1026 successor
753 967 821 1050 ejus
839 964 1111 1049 Archiepiscopus
1127 966 1239 1030 eadem

90 1055 301 1140 postmodum
326 1051 529 1115 confidenter
544 1049 692 1124 astruxit,
710 1050 827 1136 quibus
845 1051 1006 1138 Eugenius
1025 1053 1240 1117 Hardmouiae

91 1137 275 1228 Episcopus
286 1139 434 1226 quaedam
445 1138 625 1202 distinctius
640 1140 812 1212 annexuit3
837 1140 892 1202 sed
909 1155 941 1203 et
953 1141 1017 1202 duo
1030 1139 1081 1202 elii
1099 1141 1241 1225 episcopi

90 1252 230 1317 quorum
250 1231 318 1314 jem
336 1226 468 1290 nomina
483 1225 683 1302 exciderunt,
702 1249 853 1290 unacum
870 1225 962 1289 sociis
986 1226 1126 1311 ipsorum
1151 1251 1241 1312 pres·

90 1319 213 1404 byteris
236 1329 270 1378 et
282 1313 405 1378 clericis
421 1315 481 1378 sub
505 1315 635 1377 diverso
651 1326 797 1397 tempore
820 1314 937 1376 nostris
954 1316 1083 1378 uberius
1107 1317 1140 1378 in
1156 1314 1241 1378 auri·

90 1407 150 1469 bus
176 1403 374 1466 infuderunt.
424 1401 527 1465 Fuere
551 1403 646 1464 etiam
670 1401 818 1464 nonnulli
841 1401 1046 1486 quamplures
1070 1415 1102 1465 et
1132 1403 1240 1467 caeteri

90 1494 145 1580 qui
157 1493 230 1555 haec
246 1505 280 1554 et
295 1490 358 1553 alia
373 1488 414 1551 de
429 1490 501 1573 ipso
516 1511 617 1574 penes
632 1511 692 1551 nos
708 1488 793 1552 soliti
816 1488 942 1552 fuerant
959 1490 1142 1566 contestari,
1160 1513 1240 1576 quo-

89 1603 161 1643 rum
189 1578 316 1665 singula
343 1575 466 1662 paginis
482 1577 603 1654 videre,
637 1578 767 1640 modum
789 1575 922 1639 rationis
942 1577 1053 1639 fuisset
1069 1579 1239 1641 excedere.

95 1668 195 1733 Unde
212 1665 389 1747 exemplari
406 1679 517 1728 nostro
540 1665 696 1750 quosdam
713 1665 827 1726 florum
846 1663 1025 1746 manipulos
1049 1663 1240 1728 inseruimus

90 1770 123 1818 et
141 1753 286 1818 tunicam
303 1752 455 1815 virtutum
479 1751 695 1836 polimitarem
723 1752 825 1815 Beato
842 1750 1022 1814 Cuthberto
1039 1751 1079 1814 de
1103 1767 1150 1816 tot
1166 1775 1240 1836 pro·

91 1843 246 1907 babilium
270 1838 459 1904 testimoniis
483 1837 705 1926 compegimus
728 1853 761 1902 et
785 1838 992 1901 intexuimus
1042 1837 1124 1901 Haec
1141 1839 1240 1927 igitur

90 1932 130 1994 ad
148 1931 306 1994 honorem
323 1942 354 1991 et
369 1925 503 2010 gloriam
522 1925 703 1991 Beatissimi
721 1926 896 1991 Cuthberti
920 1925 1152 2009 descripsimus,
1167 1951 1239 2015 quae

90 2019 119 2081 ei
139 2019 211 2081 fore
227 2030 319 2100 gruta
346 2014 535 2078 munuscula
558 2015 766 2099 postulemus.
814 2018 896 2100 Age,
914 2036 1003 2096 ergo,
1024 2013 1123 2078 Beate
1145 2015 1240 2078 Pater

91 2107 286 2181 Cuthberte‚
303 2102 390 2187 apud
407 2103 515 2165 Deum
526 2102 649 2187 jugiter
664 2117 696 2165 et
712 2104 758 2166 tui
774 2104 867 2187 egeni
886 2101 997 2164 miselli
1010 2104 1161 2166 continue
1175 2126 1239 2165 me-

90 2216 161 2257 mor
185 2215 256 2256 esse
280 2191 414 2278 dignare
428 2189 575 2260 feliciter,
600 2204 634 2251 et
650 2188 711 2256 tuis
735 2188 954 2252 sacratissimis
970 2191 1233 2272 procumbentem

88 2281 260 2345 lacrimose
284 2277 436 2364 vestigiis,
454 2299 517 2341 uua
535 2291 640 2340 tecum
655 2276 780 2363 gaudiis
797 2275 899 2340 insere
915 2276 1126 2360 sempiternis.
1171 2277 1238 2341 Ubi

89 2390 220 2454 semper
244 2365 322 2430 vivis
347 2379 378 2429 et
399 2364 548 2452 gloriaris
565 2364 596 2426 in
612 2364 726 2451 glorie,
745 2362 867 2428 Christi
883 2363 1025 2427 cohaeres
1040 2365 1163 2451 gratiae,
1182 2387 1239 2448 per

90 2458 273 2521 seculorum
290 2454 397 2518 secula
412 2453 547 2517 infinita.
593 2453 712 2516 Arrun.
759 2453 1050 2533 EcolicitLibellus
1065 2456 1102 2516 de
1113 2453 1239 2516 Nativi-

88 2555 150 2610 tate
161 2545 270 2611 Sancti
287 2543 454 2607 Cutlrberti.
