3094 5292
505 543 615 594 naurs
642 545 859 594 neritonum.
1202 528 1251 594 33

115 705 214 770 lustra
228 704 399 782 decubans,
412 705 482 790 jugi
502 705 646 772 caecitate
661 719 693 772 et
716 707 857 782 omnium
870 707 1086 772 membrorum
1100 706 1250 794 continua

115 792 313 858 cruciabatur
324 792 523 877 aegritudine.
571 794 613 859 Et
628 795 758 859 medicis
770 795 956 881 desperatis,
967 794 1097 880 jacebat
1111 795 1201 883 qnasi
1216 795 1250 860 in

115 871 264 948 extremis
279 903 386 966 agens.
432 881 484 946 Ad
502 903 596 968 quem
618 895 721 948 mater
737 881 812 948 talia
832 884 934 948 fertur
954 882 1131 948 hortatoria
1152 886 1251 950 verba

114 968 223 1036 salutis
248 969 380 1034 fudisse.
427 978 449 1010 ‘⁴
463 968 658 1034 Miserabilis
683 969 741 1049 fili,
769 970 846 1058 quid
871 984 921 1037 est
944 971 1032 1058 qnod
1055 970 1086 1034 in
1109 971 1249 1038 medicos

114 1079 241 1121 omnem
255 1079 369 1141 erogas
385 1057 606 1136 substantiam,
624 1058 678 1146 qui
701 1058 901 1124 medicorum
916 1059 1071 1144 optimum
1097 1059 1250 1125 Sanctum

118 1144 240 1230 Regem
256 1156 289 1208 et
313 1144 493 1230 Martyrem
509 1145 673 1210 Oswinum
690 1146 854 1211 dominum
874 1159 975 1226 tuum,
990 1147 1090 1212 habes
1112 1169 1250 1232 praesen-

118 1246 192 1296 tem.
238 1233 312 1317 Ipse
324 1254 389 1298 non
404 1231 571 1316 pecuniam
582 1235 640 1299 sed
653 1235 752 1299 fidem
765 1233 984 1320 languentium
993 1233 1138 1334 requirit.
1186 1234 1250 1300 Re·

114 1322 247 1384 cordare
259 1334 337 1408 quot
347 1334 380 1384 et
392 1333 511 1407 quanta
519 1343 669 1386 curarum
679 1321 836 1387 beneficia
846 1322 943 1387 etiam
953 1335 1071 1387 exterrs
1083 1334 1116 1387 et
1130 1322 1249 1412 ignotis

113 1407 261 1492 gentibus
283 1409 426 1472 crebrius
448 1421 581 1492 praestet
593 1433 602 1486 3
625 1424 659 1474 et
681 1411 776 1474 crede
799 1410 873 1497 quia
894 1409 954 1475 tibi
977 1409 1152 1476 domestico
1178 1435 1247 1490 suo,

114 1495 173 1560 nisi
188 1496 267 1560 fides
282 1496 409 1561 modica
423 1497 628 1576 demeruerit,
643 1520 707 1563 non
723 1497 864 1586 negabit,
878 1498 965 1586 quod
980 1497 1066 1564 omni
1074 1498 1195 1576 nationi
1207 1499 1249 1564 de

115 1607 150 1648 se
165 1584 380 1668 praesumenti,
399 1598 462 1650 tarn
486 1583 570 1648 sacili
584 1608 680 1673 qnam
702 1586 799 1650 celeri
821 1585 967 1671 indulget
988 1587 1150 1672 pietatess’,
1186 1586 1248 1654 His

114 1683 147 1736 et
172 1671 325 1738 similibus
347 1674 457 1736 matris
480 1672 612 1737 tandem
633 1673 839 1761 adquiescens
861 1674 1000 1753 monitis,
1019 1674 1061 1739 ad
1082 1673 1249 1740 eeclesiam

117 1759 226 1824 Sancti
250 1760 403 1846 Martyris
426 1783 460 1824 se
475 1759 593 1824 deferri
615 1762 769 1846 praecepit
789 1761 968 1846 languidus,
985 1775 1017 1827 et
1040 1774 1114 1826 ante
1141 1763 1250 1828 Sancti

113 1847 213 1912 altare
229 1847 344 1933 deponi
359 1872 367 1924 ;
391 1847 445 1912 ubi
465 1848 582 1932 pariter
601 1863 633 1913 et
649 1849 772 1914 delatus
787 1862 821 1914 et
840 1849 1018 1915 deferentes
1037 1849 1188 1916 orationis
1203 1852 1251 1915 in·
1346 1873 1353 1882 ·

114 1935 240 2000 stantiae
266 1935 423 2014 insistunt,
451 1948 485 2000 et
511 1937 612 2002 multa
633 1960 763 2022 precum
784 1937 902 2022 pariter
920 1952 954 2003 et
976 1937 1052 2003 fidei
1075 1939 1251 2003 constantia

112 2024 271 2088 Sanctum
296 2023 419 2109 Regem
441 2036 476 2090 et
501 2024 678 2110 Martyrem
698 2025 862 2090 Oswinum
884 2049 943 2110 pro
966 2027 1070 2090 salute
1090 2026 1250 2112 desperati

117 2111 254 2176 Osberni
269 2111 409 2197 pulsant,
430 2126 464 2177 et
486 2112 539 2197 pia
560 2112 800 2198 importunitate
816 2112 962 2198 fatigant.
1009 2113 1157 2178 Tandem
1178 2137 1250 2180 ora·

116 2198 254 2264 tionibus
270 2215 303 2264 et
318 2199 604 2284 vigiliiscontinuis
622 2200 697 2264 fessi
719 2223 839 2278 omnes,
856 2200 932 2265 inibi
947 2200 1151 2265 obdormiunt
1168 2224 1251 2286 prae-

115 2299 164 2352 ter
183 2287 374 2365 osbernum,
391 2311 488 2374 quern
505 2287 592 2373 jugis
612 2287 703 2352 dolor
719 2311 832 2352 somno
851 2287 1017 2373 indulgere
1037 2311 1102 2353 non
1120 2289 1251 2373 permit-

109 2376 215 2449 tebat.
254 2375 319 2450 Qui
336 2387 370 2441 ut
386 2388 455 2440 erat
470 2375 643 2441 destitutus
660 2375 739 2453 visu,
750 2389 784 2440 et
798 2376 923 2441 caeteris
937 2375 1088 2442 membris
1104 2377 1250 2443 omnibus

113 2462 282 2542 invalidus,
299 2465 458 2549 palpando
473 2486 600 2549 gressus
616 2487 690 2528 suos
705 2463 843 2549 dirigens
863 2464 905 2529 ad
920 2463 1108 2530 orientalem
1125 2478 1250 2551 partem

108 2550 230 2628 scrinii,
249 2551 281 2614 in
303 2575 368 2652 quo
387 2553 523 2618 Sanctus
537 2551 719 2638 requiescit,
744 2552 903 2638 pervenit3
919 2571 953 2619 et
975 2553 1074 2639 pedes
1094 2553 1250 2640 ymaginis

117 2638 227 2704 Sancti
238 2640 338 2724 Regrs
350 2639 496 2704 devotius
508 2640 686 2725 amplexus,
699 2640 879 2705 deosculari
894 2655 927 2704 et
942 2641 1078 2726 desuper
1092 2641 1251 2706 lacrimari

113 2749 179 2792 non
200 2727 333 2806 destitit,
351 2727 459 2792 dicens
479 2729 608 2806 Sancto,
625 2751 704 2793 voce
719 2728 849 2815 quidem
867 2727 943 2792 satis
958 2727 1082 2813 puerili,
1100 2729 1158 2794 sed
1175 2730 1252 2795 fidei

112 2815 362 2900 praesumptione
379 2815 489 2894 senile,
516 2825 538 2857 “
555 2815 624 2879 Hos
640 2815 739 2899 pedes
755 2828 828 2881 tuos
850 2815 1073 2902 ymaginarios,
1090 2815 1145 2902 qui
1160 2839 1251 2883 veros

112 2917 245 2991 tangere
268 2926 332 2967 non
354 2903 466 2981 merui,
482 2925 547 2967 non
568 2903 738 2981 dimittam,
763 2903 946 3004 priusquam
968 2903 1111 2968 sanitatis
1130 2904 1253 2990 optioni

113 3012 167 3055 me
190 2990 350 3070 restituas,
371 2990 443 3055 Rex
466 3003 500 3055 et
524 2990 650 3078 Martyr
676 2990 803 3056 Oswine
826 2991 996 3076 piissime.’'
1044 2989 1087 3056 Et
1106 3013 1179 3056 ecce
1201 2992 1252 3058 his

111 3079 218 3155 dictis,
235 3078 324 3165 quasi
340 3101 480 3166 squamae
495 3078 677 3144 ceciderunt
689 3080 730 3144 ab
745 3078 844 3144 oculis
860 3079 940 3164 ejuS,
957 3092 990 3144 et
1006 3078 1108 3144 visum
1114 3082 1184 3164 jam
1194 3103 1252 3166 per

112 3166 298 3254 quindecim
323 3168 391 3231 dies
417 3165 566 3232 amissum
590 3167 727 3252 recepit3
751 3180 785 3232 et
805 3167 906 3232 omnis
927 3167 1068 3252 corporis
1092 3168 1250 3248 molestia,

56 3325 62 3334 ,
113 3255 206 3342 quasi
229 3254 332 3339 pulvis
347 3255 379 3318 in
400 3267 531 3318 ventum
554 3255 725 3340 projectus,
754 3255 919 3340 disparuit.
980 3255 1123 3320 Domum
1144 3269 1252 3321 autem

112 3366 189 3407 cum
212 3343 276 3407 suis
286 3346 300 3430 j
377 3343 610 3428 expergefactis
624 3342 718 3407 laetus
742 3355 774 3406 et
796 3365 891 3408 sanus
906 3341 1025 3418 rediit;
1052 3355 1084 3406 et
1102 3344 1251 3408 virtutem

117 3429 228 3495 Sancti
245 3430 398 3518 Martyris
410 3430 443 3494 in
458 3454 492 3494 se
509 3443 573 3494 tarn
587 3429 835 3496 misericorditer
850 3442 1027 3516 expertam,
1044 3431 1189 3497 omnibns
1204 3431 1252 3496 in-

107 3518 219 3584 notuit
237 3520 353 3605 quibus
366 3517 486 3603 potuit.

205 3782 304 3848 CAP.
329 3783 521 3848 XIX-De
543 3785 674 3934 quoqapr
696 3786 893 3934 iqcarceruto,
904 3802 964 3864 per
977 3783 1043 3864 ejus
1056 3785 1166 3848 merita

628 3893 637 3934 t
656 3891 709 3934 era
743 3917 751 3934 .

163 4043 324 4129 Tempore
350 4044 432 4128 regis
466 4044 619 4130 Stephani
652 4045 789 4133 Angliae,
820 4056 854 4108 et
886 4041 1038 4108 Germani
1068 4040 1180 4126 prioris
1210 4044 1251 4108 de

115 4131 357 4219 Tynemudtha,
369 4131 502 4217 contigit
513 4132 600 4220 quod
615 4155 708 4196 narro
719 4131 915 4196 miraculum.
962 4129 1036 4220 Fuit
1054 4130 1157 4194 Beato
1170 4130 1253 4218 Regi

111 4231 149 4285 et
162 4218 290 4284 Martiri
306 4220 446 4298 Oswine,
463 4243 542 4305 puer
556 4219 684 4307 quidam
700 4219 731 4282 in
746 4221 814 4284 arte
824 4217 965 4303 piscandi
978 4240 1107 4304 gnarus,
1123 4219 1251 4288 nomine

114 4307 314 4372 Leowricus.
361 4307 424 4378 Hic
446 4307 625 4396 aliqnando,
643 4310 781 4384 instante
797 4307 942 4370 allecium
964 4306 1132 4390 piscatura,
1150 4311 1251 4390 gratita

110 4396 261 4482 piscandi
276 4419 390 4461 navem
415 4397 524 4461 Sancti
543 4395 694 4481 Martyris
710 4395 963 4481 Scardeburgam
975 4393 1113 4470 direxit3
1129 4413 1162 4458 et
1177 4400 1253 4482 quia

87 4547 89 4552 .
110 4488 147 4547 in
173 4483 306 4567 capturi
327 4486 460 4569 piscium
482 4485 646 4548 laxaverat
661 4485 751 4560 retia,
769 4495 802 4546 et
817 4504 927 4567 parum
943 4479 1156 4565 prendiderat,
1174 4483 1251 4548 dum

109 4594 241 4636 moram
271 4571 452 4638 nonnullam
481 4572 525 4637 ibi
555 4571 686 4648 faceret,
714 4571 830 4636 Comes
860 4570 1038 4636 Castrensis
1075 4570 1251 4636 Rannulfns

675 4680 693 4722 c
