3132 5286
568 409 707 464 sruorr
732 405 855 464 atra.
1198 389 1270 464 128

124 577 217 666 prior
241 574 451 644 Mailrocensi
474 576 628 652 ecclesiae,
652 571 818 660 praepositi
838 572 924 658 jure,
938 571 1011 636 snb
1033 571 1149 638 eodem
1177 584 1270 660 patro

126 665 267 754 praefuit,
284 688 421 754 sequens
432 687 509 730 vero
524 663 732 751 postmodum
748 659 1017 726 Lindisfarnensis
1027 659 1170 727 ecclesie
1180 683 1269 749 mag-

125 754 239 820 nificus
268 755 387 840 praesul
413 753 536 821 enituit.
586 749 649 816 His
686 749 883 836 temporibus
927 750 1020 815 finito
1057 750 1209 816 conflictu
1232 777 1271 818 ac

126 844 230 910 soluta
244 843 460 918 contentione,
486 863 582 929 quam
599 840 796 905 Colmannus
819 841 985 924 episcopus
1001 861 1073 904 cum
1097 839 1159 904 suia
1175 862 1270 906 exer·

126 933 193 997 cuit
208 949 320 998 contra
336 931 526 996 Wilfridum
537 944 733 1016 caeterosque
756 927 929 994 catholicos
945 925 1038 1005 viros,
1056 929 1097 992 de
1118 928 1269 994 observa-

125 1020 218 1086 cione
233 1019 384 1107 paschali,
401 1036 564 1085 revertens
588 1017 724 1103 patriam
740 1015 823 1080 idem
841 1015 1038 1082 Colmannus
1061 1014 1141 1082 adiit
1155 1040 1268 1105 regem

123 1110 269 1176 Oswium
283 1110 528 1196 impetravitque
544 1106 585 1172 ab
600 1129 639 1171 eo
655 1105 846 1191 utpraesatus
862 1105 910 1168 vir
933 1104 1143 1183 venerandus,
1155 1106 1268 1171 Abbaa

124 1197 219 1276 Eata,
244 1198 397 1264 fratribus
415 1196 687 1262 Lindisfarnensis
703 1194 846 1259 ecclesiae
864 1192 999 1259 Abbatis
1008 1195 1083 1280 jure
1103 1208 1267 1279 praeesset.

124 1285 271 1352 Multum
285 1309 423 1373 namque
438 1286 577 1350 eundem
594 1285 755 1349 Abbatem
775 1281 881 1346 Eatan
895 1282 992 1348 etiam
1009 1281 1112 1348 Scotti
1134 1305 1268 1349 venera-

121 1373 249 1454 bantur,
274 1399 313 1440 eo
329 1375 416 1462 quod
432 1387 526 1452 esset,
544 1384 580 1437 ut
602 1371 835 1458 supradictum
851 1385 912 1450 est,
928 1395 1011 1436 uirus
1027 1372 1068 1436 de
1084 1392 1135 1436 xrr
1158 1375 1266 1456 pueris

123 1463 246 1528 Aidani
275 1462 429 1550 episcopi.
475 1460 658 1548 Suscipiens
688 1460 796 1548 itaque
827 1462 887 1526 sub
917 1482 995 1526 cura
1023 1461 1072 1525 sui
1100 1459 1266 1548 regiminis

122 1566 251 1617 sanctus
276 1552 359 1618 Este
384 1552 551 1617 eeclesiam
577 1550 894 1648 Lyndisfarnensem
912 1571 1039 1614 omnem
1065 1547 1267 1637 diligentiam

121 1639 335 1725 spiritualium
358 1640 569 1705 excubiarum
589 1638 695 1702 erdem
718 1636 872 1714 ecclesiae,
889 1637 972 1702 sicut
987 1651 1020 1701 et
1044 1636 1266 1717 Mailroceuai,

121 1729 272 1814 praebuit.
318 1731 455 1794 Beatum
472 1748 600 1815 quoque
625 1725 851 1802 Cuthbertum,
869 1748 963 1812 quem
987 1725 1197 1811 praepositum
1214 1751 1266 1792 ec-

120 1816 228 1882 clesiae
253 1816 477 1880 Mailrocensis
498 1829 572 1901 post
594 1813 718 1879 obitum
740 1813 816 1879 Deo
832 1813 941 1878 dilecti
963 1814 1135 1880 sacerdotis
1152 1814 1267 1881 Boisili

120 1905 252 1981 fecerat,
277 1905 318 1968 ad
339 1904 422 1969 hanc
444 1903 610 1968 ecclesiam
640 1903 827 1978 transtulit3
860 1906 991 1991 ejusque
1020 1903 1266 1990 preposituram

120 1995 182 2058 sub
197 2017 231 2058 se
246 1991 480 2078 disponendam
503 1992 549 2057 illi
571 1991 736 2056 commisit.
784 1991 828 2055 Et
843 1991 930 2067 inde,
952 1994 1098 2057 revoluto
1113 1993 1269 2078 plurimo-

123 2105 197 2147 rum
227 2103 384 2146 annorum
400 2079 530 2157 circulo,
552 2093 625 2144 orta
654 2081 738 2144 inter
764 2101 874 2164 regem
893 2079 1063 2166 ngridum
1073 2093 1106 2144 et
1118 2102 1267 2146 reveren·

122 2170 280 2235 tissimum
295 2168 471 2234 antistitem
488 2168 678 2233 Wilfridum
694 2167 903 2245 dissencione,
921 2169 1032 2252 pulsus
1044 2180 1093 2232 est
1108 2168 1194 2232 idem
1210 2191 1266 2234 an·

122 2262 214 2325 tistes
230 2282 250 2323 a
272 2257 347 2322 sede
369 2259 417 2320 sui
433 2258 650 2342 episcopatus3
675 2273 708 2320 et
734 2257 800 2320 duo
830 2260 862 2320 in
880 2257 986 2320 locum
1002 2256 1069 2340 ejus
1100 2256 1266 2323 substituti
1310 2305 1313 2314 .

122 2349 274 2434 episcopi,
292 2345 347 2434 qui
369 2345 706 2432 Northanymbrorum
717 2347 807 2432 genti
829 2362 1017 2430 praeessent,
1033 2345 1130 2422 Bosa,
1154 2345 1266 2409 videli-

119 2437 251 2524 cet,qui
276 2435 460 2514 Daharum,
486 2446 519 2498 et
540 2434 623 2500 Eata
649 2433 802 2518 praefatus
832 2432 942 2507 abbas,
958 2433 1014 2520 qui
1042 2433 1266 2499 Berniciorum

118 2524 319 2612 provinciam
330 2524 562 2610 gubernarent3
586 2521 638 2586 hic
653 2523 686 2584 in
702 2521 831 2586 civitate
851 2519 1000 2600 Eboraci,
1016 2521 1069 2586 ille
1086 2519 1119 2586 in
1132 2519 1265 2612 Hagus-

119 2613 255 2678 taldensi
270 2614 337 2678 sive
354 2611 387 2676 in
412 2609 666 2678 Lindislarnensi
681 2609 815 2675 ecclesia
834 2610 1020 2676 cathedram
1041 2611 1164 2676 habens
1179 2614 1263 2692 epis-

119 2703 272 2788 copalem.
324 2699 475 2767 Ordinati
505 2715 579 2765 sunt
605 2714 712 2764 autem
734 2697 834 2764 sancti
865 2723 901 2763 ac
930 2701 1005 2763 Deo
1027 2701 1179 2765 amabiles
1203 2703 1264 2765 viri

122 2791 211 2858 Bosa
226 2805 258 2854 et
278 2791 361 2855 Eata
378 2791 516 2854 Eboraci
539 2790 579 2852 ab
595 2787 836 2873 archiepiscopo
850 2787 1026 2852 Theodoro
1041 2813 1049 2864 ;
1073 2787 1129 2875 qui
1151 2788 1263 2869 eciam,

121 2893 196 2964 post
220 2892 283 2944 tres
303 2901 403 2944 annos
426 2878 635 2942 abscessionis
665 2873 813 2952 Wilsridi,
841 2875 966 2940 addidit
991 2875 1107 2940 horum
1130 2899 1266 2942 numero

121 2969 203 3032 duos
218 2969 386 3044 antistites,
413 2967 590 3054 Trumwyn
605 2965 647 3029 ad
669 2963 866 3049 provinciam
885 2963 1063 3043 Pictorum,
1080 2977 1158 3028 tunc
1184 2981 1265 3031 tem·

118 3059 208 3141 poris
226 3055 405 3142 Anglorum
423 3054 557 3140 imperio
580 3053 766 3139 subjectam,
783 3067 815 3116 et
828 3051 1032 3117 Tunbertum
1044 3055 1085 3118 ad
1098 3054 1265 3121 ecclesiam

97 3197 100 3204 .
120 3143 459 3228 Haugustaldensem3
483 3157 669 3208 rcnranente
687 3141 770 3206 Eata
780 3141 822 3204 ad
838 3141 1156 3228 Lyndisfarnensem.
1197 3145 1263 3210 Sed

119 3251 194 3318 post
206 3233 387 3309 triennium,
405 3254 463 3316 pro
487 3231 580 3316 culpa
595 3229 758 3316 cujusdam
778 3229 1017 3306 inobedientiae,
1034 3231 1198 3316 depositus
1215 3245 1263 3298 est

121 3321 154 3384 T
154 3321 326 3397 unbertus3
349 3335 381 3385 et
395 3321 468 3384 loco
483 3322 549 3404 ejus
566 3321 612 3380 vir
627 3317 840 3382 sanctissimus
855 3318 973 3382 electus
990 3331 1038 3382 est
1051 3319 1260 3386 CuthhertuS.

121 3409 186 3474 Sed
202 3409 353 3496 quoniam
368 3408 436 3492 ipse
451 3408 523 3492 plus
536 3405 786 3470 Lindisfarncnsi
801 3405 956 3483 ecclesiae,
969 3406 1075 3496 inqua
1091 3431 1260 3476 conversa-

119 3511 170 3562 tus
195 3498 309 3576 fuerat,
341 3520 437 3585 quam
466 3495 752 3584 Haugustaldensi,
777 3494 890 3560 dilexit
914 3495 1044 3579 praefici,
1075 3496 1206 3583 placuit,
1225 3512 1262 3564 ut

120 3586 204 3652 Eata
225 3608 352 3650 reverso
368 3585 410 3650 ad
432 3585 540 3648 sedem
556 3583 696 3648 ecclesiae
721 3581 1024 3667 Haugustaldensis,
1042 3584 1093 3649 cui
1109 3587 1260 3674 regendae

121 3674 227 3759 primo
250 3675 353 3738 fuerat
382 3672 557 3752 ordinatus,
584 3671 780 3736 Cuthhertus
803 3671 947 3736 ecclesiae
979 3673 1260 3759 Lyndissarnensis

117 3763 336 3848 gubernacula
360 3761 544 3846 susciperet.
593 3761 754 3824 Redditus
784 3783 861 3848 ergo
892 3761 1054 3824 cathedrae
1085 3762 1259 3850 episcopali

122 3852 264 3916 ecclesiae
292 3847 584 3935 Hangustaldensis
607 3848 796 3912 venerabilis
812 3865 903 3933 pater
930 3849 1021 3926 Eata,
1046 3873 1117 3914 cum
1142 3875 1261 3940 magno

117 3939 337 4004 universorum
352 3938 471 4027 gaudio
495 3936 682 4022 suscipitur:
707 3937 925 4018 epultantibus
948 3937 1107 4016 omnibus,
1124 3962 1161 4003 ac
1185 3941 1261 4008 Deo

116 4028 239 4111 gracias
269 4029 448 4116 agentibus,
476 4025 562 4114 quod
582 4045 742 4111 pastorem
773 4049 865 4090 sunm
895 4025 1144 4105 dilectissimum,
1162 4051 1269 4114 quamv

118 4119 223 4182 tristes
259 4117 477 4202 perdiderant,
518 4115 583 4178 Dei
596 4115 788 4200 providente
818 4113 929 4198 gratia,
968 4116 1085 4180 iterum
1112 4117 1257 4202 recipere

117 4203 317 4270 meruissent.
363 4207 436 4270 Jam
466 4226 552 4282 veru,
583 4203 710 4290 qualem
738 4202 826 4267 sein
850 4201 1036 4289 episcopatu
1062 4206 1256 4286 exhibuerit,

116 4293 212 4358 nullis
226 4315 308 4358 meae
323 4293 485 4378 parvitatis
501 4290 633 4380 eloquiis
649 4290 803 4376 explicari
818 4292 914 4362 valet.
961 4293 1177 4358 Creberenim
1192 4312 1260 4364 erat

116 4382 152 4448 in
174 4379 398 4464 oracionibus3
421 4395 596 4470 oportunus
620 4394 653 4446 et
674 4379 876 4467 importunus
898 4384 932 4448 ia
953 4381 1260 4468 ethtacionibusr
