3132 5286
300 443 347 519 72
674 445 941 500 branstosma
969 444 1071 500 oraru

296 624 395 690 kelim
414 642 509 688 suum
532 618 765 704 redintegraret
795 612 1014 678 vehementius
1039 612 1209 676 obsecrare
1223 633 1291 678 non
1315 613 1447 685 destitit

301 713 486 778 Admiratus
497 721 607 773 autem
622 705 712 768 faber
727 703 792 779 ille,
810 699 898 787 quod
911 714 976 765 tam
987 713 1112 764 matura
1123 701 1298 784 prudentia
1309 705 1449 787 petierit,

297 803 352 888 qui
368 799 474 864 adhuc
489 797 573 860 infra
588 816 687 858 annos
703 790 850 876 pueritiae
867 789 1000 865 exstitit,
1018 792 1086 874 ejus
1102 789 1252 872 precibus
1267 792 1449 856 cedendum

298 889 457 962 credidit3
481 882 624 970 eoquod
649 879 795 966 spiritum
821 876 884 941 Dei
901 899 958 961 per
974 899 1010 938 os
1036 877 1121 938 illius
1144 877 1330 963 loquentem
1354 882 1450 945 intel.

297 976 388 1042 lexit.
437 974 536 1039 Unde
553 985 585 1036 et
612 990 712 1053 puero
728 965 811 1029 dixit
835 965 936 1029 “Pro
953 964 1027 1027 Deo
1042 964 1181 1028 libenter
1204 979 1269 1029 tuae
1289 967 1450 1034 voluntati

297 1078 428 1150 paratus
449 1063 563 1136 existo,
595 1058 651 1121 sed
667 1073 768 1119 artem
785 1053 857 1116 aeris
872 1052 1025 1116 fusoriam
1045 1053 1176 1136 penitus
1192 1055 1337 1136 ignoro.'’
1386 1057 1449 1121 Cui

298 1149 390 1238 puer,
417 1161 440 1194 “
455 1149 594 1215 Confido
607 1148 638 1209 in
650 1145 738 1220 De0,
751 1143 783 1204 in
797 1164 891 1227 quem
903 1140 1011 1217 credo,
1026 1140 1114 1226 quod
1125 1140 1219 1225 hujus
1239 1143 1316 1206 artis
1329 1147 1450 1228 pericia

297 1239 363 1305 non
379 1237 569 1326 privaberis,
588 1237 615 1299 si
627 1249 735 1298 tamen
751 1251 811 1314 pro
828 1229 896 1313 ejus
913 1251 1022 1291 amore
1046 1227 1242 1292 desiderium
1258 1253 1367 1295 meum
1392 1235 1448 1297 atl-

296 1328 431 1415 implere
447 1323 615 1390 volueris.''
662 1319 757 1382 Tunc
767 1317 859 1380 faber
874 1316 936 1393 ille,
963 1326 984 1356 “
998 1316 1064 1392 Qui
1078 1316 1172 1380 caelos
1183 1317 1274 1381 novit
1288 1319 1448 1386 fabricare

295 1418 365 1501 ipse
391 1415 471 1478 mihi
485 1412 580 1498 hujus
590 1408 667 1473 artis
683 1405 831 1491 peritiam
847 1406 921 1467 satis
934 1406 1054 1488 poterit
1070 1405 1268 1482 condonare,
1286 1407 1345 1470 sed
1361 1432 1446 1486 ecce,

295 1505 371 1568 licet
395 1503 475 1565 mihi
498 1503 538 1563 sit
558 1499 715 1571 voluntas,
741 1505 937 1556 nontamen
963 1493 1105 1577 suppetit
1132 1493 1276 1572 facultas,
1302 1519 1343 1559 eo
1361 1498 1448 1582 quod

295 1591 422 1678 longius
446 1615 465 1654 a
491 1586 676 1652 nemoribus
692 1604 811 1658 sumus,
830 1594 863 1644 et
886 1580 999 1643 fabrile
1016 1603 1097 1665 opus
1113 1581 1234 1667 absque
1252 1584 1447 1650 carbonibus

295 1679 457 1766 quercinis
495 1677 621 1740 efficere
652 1671 743 1735 nullo
776 1669 879 1732 'modo
910 1668 1083 1731 valemus,”
1144 1669 1241 1734 Tunc
1279 1673 1444 1755 puerulus,

298 1768 423 1831 “Deus
439 1767 533 1830 nobis
545 1761 660 1839 aderit,
678 1773 709 1824 et
720 1756 915 1841 adjutorium
932 1755 1177 1821 administrabit.
1227 1756 1313 1822 Nam
1329 1760 1363 1822 iu
1379 1762 1447 1844 ejus

294 1857 427 1919 nomine
440 1856 504 1930 ibo,
522 1864 554 1916 et
570 1852 653 1934 ignis
669 1847 823 1932 pabulum
839 1846 930 1908 nobis
947 1843 1104 1907 sufficiens
1120 1846 1287 1928 portab0.'’
1319 1849 1447 1935 Accep.

295 1957 393 2029 toque
409 1941 556 2006 messoris
572 1937 734 2010 fascinum,
749 1935 830 1996 exiit
841 1934 874 1994 in
893 1932 985 2009 arvis,
999 1945 1032 1994 et
1045 1954 1162 2017 cyrpos
1174 1934 1351 2000 viridantes
1364 1959 1448 2000 mes.

289 2022 368 2108 suit,
386 2053 467 2117 quos
480 2027 620 2092 referens
637 2025 731 2089 fabro
755 2021 800 2085 sic
816 2021 933 2086 intulit.
982 2020 1123 2084 “Credo
1146 2021 1180 2084 in
1200 2022 1331 2087 Christo
1359 2026 1447 2111 quod

295 2123 462 2186 materiam
492 2117 534 2180 ad
557 2135 659 2179 artem
689 2111 842 2176 lusoriam
864 2109 939 2172 satis
962 2107 1121 2192 ydoneam
1152 2110 1274 2174 attuli.’'
1321 2111 1447 2178 Videns

294 2206 392 2295 igitur
402 2208 491 2270 faber
500 2203 599 2268 fidem
610 2200 712 2288 pueri,
724 2220 801 2261 mox
813 2220 927 2284 cyrpos
938 2195 1110 2259 viridantes
1126 2197 1273 2282 arripuit,
1281 2201 1316 2262 in
1326 2211 1448 2266 struem

294 2295 485 2380 composuit,
502 2293 672 2377 ignemque
685 2287 882 2369 subrogavit.
908 2283 1060 2347 Mirabile
1071 2284 1200 2370 quidem
1212 2286 1293 2366 visu,
1310 2301 1344 2351 et
1360 2291 1449 2375 quod

284 2384 419 2450 'dulcius
432 2396 480 2446 est
504 2380 627 2456 auditu,
646 2391 750 2441 totum
774 2396 834 2459 pro
849 2372 943 2458 pueri
960 2371 1079 2435 meritis
1105 2373 1307 2438 declarandis
1326 2376 1448 2442 Christi

294 2473 395 2534 virtus
407 2483 439 2534 et
456 2469 624 2534 clementia
634 2466 761 2529 effulsit.
812 2460 898 2524 Nam
914 2459 1014 2536 faber,
1038 2458 1169 2524 fornace
1182 2465 1370 2547 composita,
1382 2488 1448 2530 aere

290 2582 359 2645 Jam
375 2560 528 2644 liquente,
542 2552 793 2619 tintinnabulum
808 2549 910 2624 fudit3
929 2563 961 2611 et
971 2548 1069 2631 juxta
1084 2564 1159 2612 vota
1174 2550 1342 2637 utriusque
1353 2554 1448 2638 quale

295 2647 523 2712 desiderabant
548 2644 582 2705 in
612 2642 754 2708 medium
780 2636 928 2724 protulit,
953 2653 985 2699 et
1004 2635 1130 2720 signum
1157 2639 1320 2726 integrum
1342 2663 1448 2725 puero

296 2736 509 2822 consignavit.

755 3039 874 3122 [cnr.
892 3039 994 3121 xrr]

341 3279 399 3343 Est
411 3276 521 3341 civitas
531 3267 733 3356 permaxima
743 3267 775 3329 in
785 3260 1046 3351 Hybe1·nia,quae
1062 3262 1448 3349 linguaHybernensium

298 3369 451 3432 Kenanus
474 3363 602 3435 dicitur,
621 3356 760 3440 regionis
783 3377 860 3418 vero
879 3352 962 3415 illius
984 3353 1153 3437 provincia
1168 3352 1274 3415 media
1298 3367 1447 3433 vocatur,

295 3480 367 3544 quae
380 3451 534 3518 ditissima
549 3449 624 3512 feris
641 3463 672 3510 et
695 3443 840 3530 frugibus
860 3441 1010 3527 paschuis
1034 3453 1066 3503 et
1082 3441 1269 3503 nemoribus
1286 3442 1397 3504 rivulis
1415 3458 1448 3508 et

293 3543 481 3610 fluminibus
520 3538 648 3620 copiose
687 3532 886 3605 illustratur3
922 3530 1083 3592 civitatem
1115 3540 1147 3589 et
1184 3531 1448 3613 prenominatam

297 3633 399 3697 Maria
412 3627 528 3693 fluvius
552 3624 654 3695 alluit,
670 3621 727 3706 qui
749 3620 891 3704 piscibus
913 3615 1094 3680 multimodi
1110 3617 1236 3698 generis
1252 3616 1449 3682 habundan-

295 3721 416 3785 tissime
434 3713 614 3778 redundare
638 3709 811 3772 consuevit.
858 3707 897 3769 In
914 3705 976 3768 hac
991 3705 1082 3780 urbe,
1099 3719 1165 3766 tam
1179 3703 1333 3769 deliciosa
1346 3730 1445 3792 quam

295 3807 457 3893 opulenta,
482 3823 563 3886 puer
589 3799 646 3861 iste
663 3819 752 3860 sacer
774 3810 867 3859 natus
891 3793 1054 3866 asseritur,
1074 3791 1128 3854 ubi
1152 3792 1249 3854 etiam
1272 3793 1313 3854 ab
1330 3794 1448 3859 incolis

295 3897 384 3960 locus
401 3893 484 3956 illius
500 3886 672 3952 nativitatis
690 3884 881 3957 ostenditur,
899 3894 932 3944 et
947 3879 1236 3942 sanctimonialium
1258 3883 1448 3946 coenobium

294 4009 336 4049 ex
353 3981 493 4066 antiquis
506 3977 612 4042 adhuc
629 3975 728 4038 ruinis
745 3971 883 4036 amultis
900 3969 1123 4055 cognoscitur3
1152 3968 1240 4052 quod
1253 3968 1344 4052 pueri
1366 3971 1449 4034 boni

293 4071 420 4158 pietatis
444 4065 664 4132 recordatione
681 4087 700 4125 a
723 4057 1039 4143 comprovintialibus
1055 4057 1087 4116 in
1104 4054 1237 4117 lionoris
1260 4056 1364 4139 gloria
1380 4058 1449 4121 fre-

293 4161 442 4247 quentius
462 4154 632 4220 excolitur.
682 4149 767 4213 Haec
801 4145 982 4231 Episcopus
1009 4143 1175 4227 Eugenius
1205 4143 1448 4210 Hardionensis

294 4247 457 4314 sevidisse
473 4244 629 4326 etlegisse
641 4240 675 4300 in
691 4235 839 4320 hystoriis
859 4233 1121 4320 Hybernensium
1137 4231 1270 4294 asseruit
1280 4255 1289 4306 ;
1313 4231 1345 4294 in
1372 4233 1448 4319 qui-

293 4337 352 4402 bus
369 4335 510 4421 partibus
526 4330 593 4414 ipse
609 4339 705 4390 natus
720 4335 754 4386 et
770 4347 788 4386 a
804 4322 960 4407 primaeva
975 4333 1069 4382 aetate
1085 4341 1187 4407 usque
1202 4320 1352 4383 invirum
1369 4343 1448 4405 per-

292 4426 410 4491 fectum
436 4423 592 4488 educatus
623 4411 739 4480 extitit.
791 4411 828 4475 ln
850 4411 939 4496 cujus
959 4408 1172 4494 Episcopatus
1194 4407 1274 4494 'sede
1304 4408 1448 4475 Sanctus
