3132 5286
760 469 853 523 Vtra
873 469 1010 522 SANCTI

445 637 581 708 Saucius
596 658 639 702 ex
655 636 720 703 telo
732 636 848 723 culpae,
865 637 1066 702 medicamen
1081 633 1197 700 anhelo

447 729 511 794 Fer
526 748 641 814 precor
655 725 836 792 antidotum
851 746 860 800 3
884 724 1027 790 medicus
1040 721 1199 788 medicina
1214 719 1376 797 dolorum,

450 816 596 904 Porrige,
613 835 735 900 quaeso,
751 835 881 876 manum
896 835 905 888 ;
927 812 1025 878 facies
1040 834 1119 877 mox
1134 831 1264 897 surgere
1280 830 1406 872 sanum.

448 905 594 991 Porrige,
610 924 675 988 quo
692 900 847 965 mundum
864 901 981 966 reddat
996 901 1157 985 baptisma
1172 895 1365 962 secundum.

451 992 531 1076 Spes
549 1012 618 1054 mea
633 1004 707 1075 post
725 988 900 1065 Christum,
912 1011 1006 1073 prece
1021 987 1122 1073 pellas
1138 1008 1234 1049 omne
1248 983 1425 1049 sinistrum.

455 1078 525 1144 Oro
534 1080 648 1166 juvare
664 1075 752 1156 velis,
765 1088 798 1141 et
815 1097 891 1140 mox
907 1075 966 1142 tibi
982 1077 1074 1142 stabo
1090 1073 1206 1139 fidelis.

409 1419 526 1507 [CAP.
541 1417 604 1498 [1.]
616 1455 643 1463 -
653 1417 745 1496 Quod
759 1438 779 1479 a
795 1419 908 1480 trienni
915 1436 1013 1498 prcero
1022 1416 1182 1498 predictus
1197 1418 1237 1480 rit
1251 1415 1386 1496 Episco-

792 1505 998 1586 profuturus.

459 1709 564 1773 Posce
579 1704 658 1770 mihi
673 1705 799 1783 flatum,
811 1703 974 1791 quondam
992 1703 1050 1768 tibi
1066 1702 1189 1768 mistica
1204 1702 1325 1778 fatum3

457 1796 542 1872 Quae
558 1817 640 1878 puer
658 1793 802 1857 octennis
817 1793 973 1878 perdiscis
988 1793 1029 1855 ab
1045 1815 1101 1855 ore
1118 1790 1260 1868 triennis,

459 1883 545 1946 Haec
561 1883 619 1945 tibi
635 1879 782 1957 dicentis,
799 1879 913 1966 gradui
929 1881 1092 1943 contraria
1106 1877 1220 1955 sentis;

459 1979 481 2011 “
499 1969 620 2034 Praesul
639 1968 830 2044 Cuthberte,
848 1966 941 2031 decet
956 1967 1044 2030 haud
1060 1980 1092 2032 te
1107 1965 1219 2031 ludere
1235 1977 1343 2039 certe3

459 2059 531 2122 Jam
547 2055 614 2120 ludi
625 2055 713 2142 jugis
730 2078 835 2119 cesses
851 2054 996 2119 insistere
1008 2055 1134 2138 nugis.'’

459 2145 550 2209 Voce
565 2146 639 2207 novi
655 2145 735 2208 vatis
751 2142 897 2227 reprimis
914 2142 1056 2207 studium
1073 2141 1220 2207 levitatis.

463 2234 546 2298 Cum
564 2254 644 2317 puer
658 2231 772 2295 infanti
788 2253 880 2315 pares
892 2231 951 2294 tibi
967 2244 1056 2294 tanta
1070 2231 1224 2315 profanti,

465 2321 549 2394 Quae
561 2343 621 2406 per
636 2342 709 2384 eum
721 2318 806 2382 fatur
819 2317 886 2396 tibi,
905 2319 1003 2383 virtus
1015 2332 1047 2383 te
1059 2320 1241 2384 comitatur.

463 2410 599 2492 Semper
613 2407 733 2470 abhinc
751 2406 884 2471 Christo
899 2421 964 2470 stas
980 2407 1112 2470 firmans
1128 2406 1229 2470 corda
1243 2404 1416 2492 magistro.

462 2496 532 2572 Me,
549 2494 601 2578 pic
618 2493 811 2570 Cuthberte,
825 2515 940 2578 precor
955 2495 996 2557 ad
1014 2493 1148 2558 meliora
1162 2506 1307 2558 reverte:

464 2583 595 2668 Tuque,
611 2580 684 2644 Deo
700 2594 813 2656 macte,
831 2596 865 2644 tu
876 2580 978 2646 ,sacris
994 2581 1102 2645 usibus
1118 2597 1202 2666 apte,

465 2669 535 2735 Oro
547 2669 691 2745 devotus,
709 2690 824 2753 pravos
841 2668 920 2731 mihi
936 2670 1111 2753 comprime
1121 2684 1246 2734 motus:

463 2757 652 2843 Comprime
669 2757 778 2821 virtuti
793 2755 946 2844 quicquid
958 2771 1054 2822 nocet
1070 2772 1166 2844 atque
1179 2755 1291 2822 saluti:

467 2849 590 2912 Auctor
605 2843 777 2922 donorum,
794 2845 965 2930 spiramen,
979 2845 1072 2929 origo
1087 2846 1259 2922 bonorum,

469 2933 534 3008 Qui
551 2946 624 2998 tuus
640 2933 816 2998 instructor
833 2933 893 2997 fuit
907 2947 1003 3020 atque
1017 2956 1076 3017 per
1087 2932 1188 2998 ardua
1203 2933 1319 2997 ductor

465 3022 525 3086 Me
541 3022 658 3086 doceat
673 3034 814 3085 mentem
831 3022 928 3084 sacris
944 3020 1086 3086 stabilire
1101 3022 1273 3096 fluentem

467 3110 623 3198 Protegat
635 3124 732 3198 atque
745 3121 847 3196 regat,
862 3130 986 3173 mecum
1002 3131 1062 3196 per
1074 3110 1183 3174 secula
1194 3109 1302 3198 degat.

475 3447 592 3530 [CAP.
607 3447 730 3529 III.]-·
740 3449 833 3528 Quod
844 3449 974 3512 claudus
982 3451 1022 3514 ab
1038 3451 1147 3532 arpalo
1160 3453 1203 3514 sit
1215 3457 1351 3518 cruatur.

469 3649 611 3714 Arcebat
625 3669 769 3732 gressum
782 3647 828 3711 vis
840 3671 927 3713 saeva
943 3649 1057 3714 dolore
1073 3672 1253 3734 repressum
1265 3675 1274 3726 ;

468 3736 613 3802 Claudus
628 3736 683 3799 vix
699 3736 777 3814 ibas,
795 3737 852 3801 sed
867 3751 899 3801 et
913 3737 976 3801 hoc
991 3751 1065 3822 post
1080 3760 1183 3822 pauca
1198 3739 1366 3826 nequibas.

468 3823 555 3890 Mox
569 3846 633 3909 ope
648 3823 758 3888 divina
772 3825 933 3909 reparavit
948 3837 980 3888 te
996 3826 1175 3903 medicina3

469 3912 553 3978 Cum
570 3925 602 3976 te
617 3911 658 3975 de
673 3912 760 3976 caelis
778 3923 942 3996 unguenta
957 3912 1068 3978 fovent
1086 3913 1272 4000 Raphaelis.

467 3999 519 4064 Te
533 4001 625 4086 petit,
642 4000 768 4078 affatur,
784 4001 905 4084 palpat,
918 3999 1024 4077 docet,
1041 4016 1074 4065 et
1089 4001 1274 4066 medicatur:

467 4087 532 4166 Tu,
549 4089 593 4152 sic
609 4103 749 4166 sanatus,
762 4101 876 4152 sanato
892 4109 981 4152 meos
994 4089 1154 4154 cruciatus
1167 4114 1176 4166 ;

471 4175 561 4250 Quos
578 4176 718 4241 tolerans
734 4175 841 4240 anima
856 4174 986 4240 detrusa
1001 4191 1155 4260 gravatur
1171 4177 1204 4241 in
1220 4181 1293 4243 ima.

469 4263 524 4329 Nil
539 4265 667 4350 poenale
682 4262 783 4346 magis
798 4263 955 4327 scelerum
971 4264 1030 4328 sub
1046 4279 1177 4347 pectore
1192 4266 1307 4354 plagis.

469 4351 536 4417 Fac
551 4365 587 4417 ut
602 4355 643 4416 ab
655 4350 703 4414 his
720 4349 842 4414 morbis
857 4372 909 4416 me
925 4365 1016 4416 sanet
1030 4351 1188 4417 Conditor
1203 4355 1307 4418 orbis:

468 4438 544 4519 Fae,
561 4459 659 4528 rog03
678 4437 704 4502 si
716 4440 843 4538 queris,
859 4459 938 4505 mox
954 4435 1070 4504 effectu
1086 4437 1226 4526 potieris.
