3094 5292
309 439 356 504 10
754 454 847 503 vrrs
875 453 1016 502 oswnvr

304 615 438 680 domurn
449 615 484 680 in
496 615 561 702 qud
576 626 766 680 moreretur.
815 616 952 680 Constat
962 613 1059 698 igitur
1070 613 1146 700 quia
1161 635 1219 699 pro
1230 613 1294 678 suis
1310 617 1455 702 exemplo

307 701 440 766 Domini
460 702 564 767 libens
585 714 722 767 mortem
737 701 891 776 subierit3
915 723 987 766 cum
1008 711 1099 785 patet
1114 701 1190 788 quia
1203 701 1285 766 sicut
1302 703 1455 768 Dominus

305 790 363 854 sud
377 803 491 875 sponte
506 790 613 853 locum
628 788 781 874 passionis
793 788 919 852 adierit.
961 789 1027 854 Sed
1042 789 1105 852 beu
1117 811 1273 874 nusquam
1285 804 1358 854 tuta
1368 791 1455 856 fides.

307 875 407 941 Nulla
418 877 518 962 pestis
527 875 688 941 efficacior
699 890 748 939 est
760 875 802 940 ad
814 875 1006 953 nocendum,
1021 898 1117 962 quam
1130 875 1455 942 familiarisinimicus.

307 963 509 1028 Hunwaldus
524 963 609 1048 regis
625 963 768 1026 inimicus
788 975 868 1039 erat,
885 962 943 1028 sed
959 984 1066 1047 regem
1082 963 1216 1028 latebat.
1261 963 1413 1052 Dumque
1427 965 1457 1030 ei

304 1072 365 1114 rex
376 1064 536 1116 secretum
547 1073 641 1114 suum
652 1049 885 1127 committebat,
898 1049 954 1114 ille
965 1048 1180 1135 proditionem
1190 1049 1223 1112 in
1232 1052 1340 1114 animo
1351 1052 1457 1116 volve-

304 1138 372 1202 bat.
422 1138 457 1202 Si
471 1140 588 1225 quaeris
604 1136 788 1202 inimicandi
803 1159 942 1214 causam,
959 1159 1025 1200 non
1039 1149 1133 1201 extat
1148 1137 1210 1201 alia
1224 1137 1284 1200 nisi
1298 1161 1380 1222 pura
1393 1161 1457 1203 ma·

303 1224 383 1288 litia.
430 1224 515 1290 Nam
532 1247 606 1290 eum
621 1246 681 1289 rex
697 1224 730 1287 in
745 1223 834 1289 nullo
850 1245 990 1310 unquam
1005 1223 1196 1301 offenderat,
1213 1224 1271 1289 sed
1286 1238 1322 1289 ut
1337 1224 1457 1290 dictum

303 1324 363 1390 est,
376 1311 627 1396 possessionibus
639 1310 858 1398 ampliaverat.
895 1309 966 1376 Nec
975 1310 1105 1374 aliunde
1115 1312 1183 1396 ejus
1194 1310 1272 1376 iram
1284 1327 1456 1391 meruerat,

303 1398 367 1462 nisi
382 1398 470 1485 quod
481 1398 656 1464 honoribus
667 1397 897 1462 cumulaverat.
938 1396 1138 1462 Hunvvaldus
1150 1400 1259 1484 itaque
1271 1399 1362 1485 quasi
1373 1400 1461 1484 pacis

303 1485 438 1562 filius,in
448 1485 607 1552 interioris
617 1483 784 1548 diversorii
795 1483 938 1548 conclavi
948 1485 1101 1548 Sanctum
1111 1485 1455 1568 Regemintroducens,

303 1571 455 1658 pacisque
480 1571 687 1637 securitatem
709 1571 911 1656 promittens,
936 1571 1037 1658 quieti
1059 1593 1094 1634 se
1117 1585 1229 1656 aptare
1252 1574 1458 1638 commonuit.

307 1657 352 1722 Et
363 1681 403 1722 ne
412 1659 480 1744 ipse
493 1659 668 1746 quiescenti
679 1658 834 1722 tumultus
843 1659 946 1736 fieret,
958 1658 991 1721 in
1003 1658 1097 1722 aliam
1107 1681 1142 1722 se
1154 1658 1312 1724 officinam
1321 1660 1456 1744 recepit:

304 1759 339 1810 et
361 1746 450 1810 velut
472 1745 636 1831 inopinati
656 1745 807 1812 thesauro
830 1744 962 1810 invento
985 1745 1173 1830 tripudians,
1197 1769 1298 1810 morae
1316 1747 1457 1811 nesciens

307 1832 529 1898 Berniciorum
544 1855 653 1917 regem
670 1832 760 1910 adiit,
782 1831 906 1918 ipsique
925 1831 1090 1896 dominum
1109 1855 1202 1896 suum
1223 1834 1375 1898 Sanctum
1394 1833 1458 1898 Re-

303 1941 377 2004 gem
396 1920 562 1984 Oswinum
576 1919 729 2004 prodidit.
779 1919 810 1984 0
825 1919 918 1982 dolus
934 1931 968 1982 et
983 1918 1142 2004 nequitia!
1167 1919 1200 1984 Ο
1215 1920 1346 1984 alterius
1361 1921 1460 1986 Judae

302 2007 458 2091 perfidial
485 2007 561 2071 Pius
581 2029 720 2094 namque
735 2028 795 2070 rex
810 2006 943 2069 domum
961 2005 1136 2070 Huuwaldi
1151 2008 1353 2072 confidenter
1367 2007 1455 2084 adiit,

301 2106 338 2157 et
353 2115 427 2158 eum
446 2094 658 2180 nequissimus
677 2094 792 2179 hospes
809 2092 1060 2158 interimendum
1080 2093 1262 2158 adversario
1282 2095 1458 2159 sceleratis-

303 2180 383 2246 sime
405 2182 548 2245 tradidit.
599 2181 688 2254 Quid
710 2182 788 2248 facis
813 2179 998 2244 Hunwalde
1013 2179 1160 2264 proditor
1175 2181 1340 2264 maligne?
1365 2180 1458 2244 Nun·

325 2268 380 2332 uid
398 2267 505 2333 Deum
516 2291 579 2335 non
593 2261 700 2346 times,
714 2291 773 2332 nec
785 2266 929 2330 homines
938 2268 1122 2331 revereris?
1147 2267 1315 2354 Numquid
1326 2267 1352 2331 si
1366 2268 1460 2332 Deus

301 2291 404 2421 ilium
426 2378 519 2419 suum
534 2355 628 2440 prodi
646 2354 800 2440 permisit,
817 2353 958 2437 proditio
973 2353 1003 2416 ei
1019 2352 1167 2438 placuit?
1193 2353 1311 2418 Nonne
1327 2355 1456 2419 traden-

300 2443 363 2505 dus
384 2442 531 2506 traditori
553 2441 726 2525 praedixit3
751 2450 774 2482 “
789 2440 850 2502 Vae
872 2439 994 2502 homini
1015 2461 1072 2524 per
1094 2461 1190 2524 quern
1213 2439 1296 2504 tilius
1318 2441 1456 2504 hominis

303 2529 449 2594 tradetur
458 2529 493 2608 ΡΤ
521 2528 619 2601 Quod
637 2527 703 2591 sive
722 2526 902 2616 gehennale
921 2548 984 2589 non
1004 2526 1154 2603 attendis,
1171 2527 1219 2589 vel
1236 2528 1405 2592 attendere
1421 2541 1454 2592 te

300 2615 492 2692 dissimulas,
509 2614 642 2679 attende
654 2614 765 2678 saltem
777 2613 865 2700 quod
879 2611 912 2676 in
928 2612 1026 2676 oculis
1038 2612 1203 2676 hominum
1214 2613 1258 2677 nil
1269 2614 1456 2698 proditione
1531 2653 1532 2670 ι

300 2703 344 2768 sit
359 2701 526 2786 abjectius,
548 2701 592 2764 nil
616 2700 773 2777 infestius,
791 2699 836 2763 nil
855 2699 1029 2764 scelestius.
1077 2699 1224 2765 Proditio
1239 2702 1342 2766 scelus
1357 2702 1456 2766 scele-

301 2811 386 2866 rum,
410 2788 531 2853 crimen
553 2787 742 2863 criminum3
763 2786 843 2871 legis
865 2785 1085 2870 transgressio,
1105 2787 1187 2870 juris
1208 2788 1354 2852 confusio
1366 2812 1375 2863 3
1398 2811 1457 2853 ne-

299 2875 414 2963 quitiae
434 2875 601 2962 professio,
627 2874 759 2939 malitiae
777 2873 980 2959 protestatio.
1026 2873 1184 2951 Proditio,
1205 2897 1256 2938 res
1295 2875 1385 2940 ratiae
1401 2897 1457 2940 ne·-

299 2964 379 3040 scia,
405 2964 555 3062 tamajus
571 2963 624 3062 cui
643 2963 692 3040 fit,
710 2984 806 3112 quam
820 2962 890 3062 ejus
907 2963 939 3023 in
958 2981 1057 3060 quem
1071 2961 1119 3060 lit,
1136 2900 1456 3064 t⁰¹¹liffd³i⁴³⁰ti⁰⁰⁹¹¹l

303 3049 447 3124 Quodsi
462 3071 639 3113 communis
650 3063 711 3133 pro
736 3061 793 3114 ιιιο
808 3048 880 3112 talis
894 3060 955 3124 est,
972 3047 1094 3111 domrnr
1108 3049 1250 3132 prodrtro
1264 3049 1366 3136 qualis
1381 3051 1457 3114 est?

306 3137 341 3200 si
364 3137 468 3201 scelus
490 3136 647 3200 scelerum
669 3148 728 3213 est,
750 3131 872 3198 socium
894 3135 945 3199 vel
961 3133 1101 3198 vicinum
1119 3135 1267 3220 prodere,
1290 3135 1457 3200 dominum

298 3224 441 3308 prodere
462 3235 618 3310 quantum
633 3222 736 3288 scelus
755 3224 830 3286 est?
852 3222 925 3287 Janr
942 3221 1023 3286 tanti
1039 3222 1165 3286 sceleris
1180 3221 1372 3299 immanitas,
1390 3245 1458 3288 ser-

301 3310 406 3375 monis
426 3309 557 3374 excedit
577 3309 751 3394 angustias.
796 3309 870 3374 Jam
890 3331 995 3373 sermo
1015 3331 1079 3372 non
1098 3309 1253 3393 explicat,
1278 3310 1457 3396 quod‘usus

303 3397 441 3482 ignorat.
490 3397 589 3472 Quod
611 3397 637 3460 si
659 3395 909 3460 emolumenturn
931 3419 973 3460 ex
995 3395 1179 3481 proditione
1200 3409 1365 3480 expectas,
1389 3419 1458 3462 non

298 3498 477 3570 comparet.
527 3484 561 3548 Si
584 3483 671 3548 enim
691 3483 800 3568 prodis
824 3498 860 3548 ut
883 3483 1031 3560 ditescas,
1055 3483 1175 3546 fraudis
1199 3495 1265 3547 tuoe
1279 3483 1459 3568 muscipula

298 3572 443 3658 caperis3
464 3571 541 3658 quia
558 3589 718 3658 nunquam
737 3582 770 3634 te
791 3570 889 3635 tantis
909 3570 1086 3634 cumulabit
1099 3569 1388 3636 honoribushostis
1404 3571 1459 3638 cui

300 3660 413 3735 tradis,
430 3658 556 3745 quantis
571 3659 640 3742 jam
660 3658 834 3722 cumulavit
855 3657 1004 3722 dominus
1025 3679 1122 3743 quern
1137 3658 1248 3722 tradis.
1297 3658 1332 3722 Si
1346 3658 1458 3743 prodis

302 3759 340 3812 ut
354 3747 491 3830 placeas,
508 3744 644 3830 falleris3
661 3745 737 3831 quia
750 3745 890 3831 proditio
905 3744 1038 3808 facitne
1053 3743 1113 3828 ipsi
1127 3745 1265 3828 placeas,
1282 3745 1335 3808 cui
1348 3746 1459 3829 placet

301 3833 443 3919 proditio
464 3844 532 3897 tua.
579 3833 702 3896 Vitium
717 3832 906 3917 proditionis
922 3853 987 3894 non
1002 3831 1119 3914 placet,
1136 3853 1196 3896 nec
1211 3832 1393 3916 proditione
1408 3832 1460 3895 via

303 3920 535 4004 tiosusplacet,
549 3919 599 3984 cui
614 3933 723 3984 tamen
739 3932 828 3983 actus
843 3917 1032 4003 proditionis
1049 3918 1162 4002 placet.
1203 3917 1273 3983 Nec
1283 3931 1332 3983 est
1347 3919 1379 3982 in
1394 3919 1459 3982 hac

302 4029 338 4072 re
361 4007 412 4072 cui
434 4006 535 4095 magis
555 4030 680 4085 noceas,
699 4004 875 4093 quamtibi
895 4004 965 4088 ipsi,
988 4005 1043 4090 qui
1058 4005 1190 4070 malitiae
1204 4005 1310 4072 insitae
1324 4005 1459 4072 stimulo

301 4094 411 4180 prodis
433 4093 661 4172 innocentiam,
689 4108 723 4157 et
746 4115 804 4176 per
826 4091 936 4155 mortis
960 4091 1196 4178 intempestivae
1217 4093 1457 4178 compendium,

298 4181 433 4246 domino
451 4181 521 4270 regi
542 4182 701 4246 acceleras
722 4178 867 4264 martyrii
886 4178 1032 4263 gloriam,
1056 4193 1088 4245 et
1106 4181 1199 4246 nobis
1214 4179 1460 4267 ejus-obsequio

300 4269 495 4356 mancipatis·
515 4267 656 4352 corporis
679 4269 748 4351 ejus
774 4265 949 4350 gratiosam
971 4267 1184 4353 praesentiam.
1232 4267 1462 4332 Berniciorum

298 4357 410 4444 itaque
433 4379 496 4421 rex*
516 4353 653 4418 crudelis
675 4352 718 4417 ad
744 4355 877 4418 verbum
904 4355 1101 4439 proditionis·
1118 4355 1278 4433 exultans,
1302 4367 1337 4419 et
1363 4354 1461 4420 labiis

297 4445 498 4530 proditorem
525 4441 747 4516 Hunwaldum
769 4442 940 4530 honorans,
957 4442 1175 4528 ,intempestae
1198 4442 1301 4508 noctis
1326 4441 1462 4508 silentio
