3094 5292
301 428 351 493 40
740 449 831 498 VITA
858 446 994 497 oswnu

309 693 407 761 CAP.
433 696 762 777 XXVI.-Quomodo
785 701 818 761 ia
843 701 1031 763 dienatalis
1055 699 1130 781 ejua
1153 701 1267 762 cereris
1292 699 1332 762 at
1347 697 1440 761 ‘omas'

393 804 481 866 opere
494 787 601 848 aemili
615 788 799 863 oaoaadbus,
816 807 900 868 sepes
916 788 1075 869 cujusdam
1088 789 1200 862 clerici,
1217 807 1308 869 quom
1323 789 1357 848 ia
1371 787 1439 848 tor-

392 891 477 936 reum
490 893 577 936 ruam
590 877 769 950 minaverat
784 895 852 938 cum
865 878 936 956 ipat
950 878 1036 939 domo
1050 877 1119 956 igne
1132 883 1309 955 consumpta
1322 883 1376 938 est.

353 1043 514 1131 Tempore
529 1069 593 1133 quo
608 1046 798 1112 monasterio
818 1048 943 1112 Sanctae
963 1047 1034 1112 Dei·
1045 1046 1224 1114 Genetricis
1240 1047 1281 1112 de
1299 1045 1439 1110 Wimun-

307 1132 423 1204 deham
441 1134 568 1214 nomine
586 1134 704 1200 Prioris
715 1134 844 1220 praefui,
861 1135 994 1221 contigit
1010 1134 1130 1216 invilla
1145 1135 1197 1200 illa
1212 1135 1299 1222 quod
1313 1153 1439 1198 narrare

306 1221 439 1285 instituo
461 1221 657 1287 miraculum.
703 1223 767 1287 Die
789 1222 942 1308 passionis
969 1223 1077 1287 Sancti
1103 1223 1200 1308 Regis
1230 1237 1263 1286 et
1288 1222 1438 1308 Martyris

312 1309 441 1387 Oswini,
459 1312 534 1396 quia
555 1310 707 1374 serenitas
730 1325 798 1375 erat
820 1311 970 1389 maxima,
990 1311 1147 1400 Rogerius
1169 1310 1298 1398 quidam
1313 1309 1439 1373 subdia·

308 1419 405 1461 conus
418 1397 601 1482 colligendis
616 1398 759 1482 frugibus
781 1398 855 1477 suis,
872 1421 945 1462 cum
959 1399 1046 1463 omni
1060 1399 1177 1464 familia
1192 1399 1341 1480 ardenter
1356 1397 1439 1462 insu·

307 1485 423 1560 dabat3
446 1499 480 1550 et
502 1486 533 1549 in
556 1509 634 1574 agro
656 1509 714 1550 suo
734 1508 808 1550 cum
825 1486 912 1550 omni
928 1487 1039 1551 domds
1054 1487 1288 1551 circumstantia
1302 1499 1436 1564 remoto,

307 1584 426 1637 metam
441 1573 597 1658 congessit
613 1573 654 1638 de
670 1574 791 1660 optimo
802 1574 910 1638 messis
926 1597 992 1638 suae
1008 1575 1118 1640 ordeo.
1165 1573 1235 1639 Nec
1251 1597 1350 1652 mora,
1367 1596 1439 1638 ecce

296 1671 402 1725 nocte
414 1660 566 1739 insecutd,
581 1661 700 1726 Beatus
714 1663 840 1750 Martyr
856 1662 1000 1728 Oswinus
1012 1662 1140 1727 immisit
1152 1662 1259 1746 ignem
1269 1661 1440 1726 sulfureum

306 1748 340 1812 in
354 1762 484 1827 metam,
502 1762 535 1814 et
549 1750 675 1838 redegit
689 1750 722 1812 in
736 1750 895 1826 favillam3
911 1773 970 1816 nec
982 1751 1128 1836 stipulam
1140 1751 1254 1815 siccam
1270 1762 1362 1814 extra
1376 1773 1440 1814 rne-

307 1851 373 1901 tam
384 1837 531 1922 positam,
541 1837 617 1902 licet
629 1837 818 1922 proximam,
831 1837 863 1901 in
879 1837 985 1926 aliquo
1001 1838 1107 1924 tetigit
1117 1839 1169 1902 vel
1180 1838 1272 1902 laesit.
1307 1839 1344 1902 In
1359 1860 1441 1902 cras·

306 1925 376 1989 tino
386 1924 427 1990 ad
438 1947 553 1989 messes
562 1948 633 1990 suas
646 1938 852 2010 properantes
863 1925 966 2005 vicini,
977 1926 1126 1990 viderunt
1135 1939 1253 1991 metam
1264 1923 1438 2004 ardentem,

307 2025 342 2078 et
353 2024 449 2078 testes
461 2011 588 2078 fuerunt
598 2014 640 2079 ad
654 2014 818 2098 populum,
830 2028 863 2078 et
875 2014 992 2080 celebri
1003 2037 1131 2080 rumore
1142 2014 1341 2103 divulgatum
1353 2026 1401 2078 est
1410 2013 1441 2076 in

306 2100 407 2179 brevi,
431 2123 490 2185 per
514 2124 623 2166 omnes
647 2101 764 2166 vicinas
789 2102 889 2181 villas,
917 2104 1049 2168 verbum
1073 2104 1161 2189 quod
1183 2103 1304 2167 facturn
1326 2115 1376 2166 est
1402 2101 1442 2165 de
1535 2173 1536 2186 ζ

294 2189 408 2254 'ordeo
433 2187 583 2275 Rogerii3
606 2212 701 2276 quem
725 2205 883 2255 versatum
906 2203 1025 2270 mente,
1042 2190 1230 2255 dissolutum
1255 2191 1392 2268 actione,
1410 2201 1443 2253 et

308 2277 412 2341 ordini
430 2300 487 2341 suo
509 2301 568 2342 nec
584 2277 706 2355 habitu,
723 2299 782 2342 nec
798 2279 1047 2356 conversatione,
1064 2279 1096 2343 in
1111 2279 1151 2343 ali
1177 2301 1218 2343 uo
1230 2278 1440 2353 deferentem,

309 2387 419 2429 omnes
441 2378 609 2430 noverant:
634 2378 667 2430 et
690 2365 763 2430 ideo
787 2367 828 2431 de
852 2367 919 2451 ejus
943 2365 1126 2444 infortunio,
1153 2301 1262 2431 iteum
1287 2365 1444 2450 glorifica-

309 2453 397 2518 bant.

309 2717 408 2782 CAP.
424 2715 759 2794 xxm-Quanta
772 2719 1100 2801 praetentam
1120 2722 1246 2802 quidam
1267 2718 1367 2781 subter
1379 2719 1445 2800 otas

383 2806 536 2890 feretrum
552 2805 795 2888 praesumptiose*
812 2808 931 2882 occidit,
952 2807 1129 2888 irtfirraitate
1150 2815 1313 2888 correptus,
1329 2827 1398 2870 cum
1412 2827 1444 2868 se

388 2898 578 2976 promitteret
596 2898 666 2959 inde
687 2894 925 2975 satanacam,
949 2914 1044 2957 sanas
1065 2895 1195 2976 effectus,
1219 2896 1302 2977 quod
1321 2902 1446 2957 vannat

393 2985 533 3063 neglexit,
550 2987 661 3046 etitem
676 2983 841 3046 recidiviod
857 2982 1035 3063 infirmitate
1049 2983 1207 3065 desbactas
1221 2991 1275 3045 est.

354 3155 441 3219 Puer
462 3153 591 3242 quidam
614 3155 655 3218 de
670 3154 845 3220 domestict
861 3153 980 3220 familia
998 3155 1131 3220 Roberti
1146 3155 1187 3220 de
1206 3155 1357 3232 Gorram,
1378 3153 1446 3218 Ab·
1535 3213 1536 3224 ,

307 3242 390 3308 batis
413 3243 453 3308 de
480 3243 598 3307 Sancto
624 3243 759 3321 Albano,
781 3242 907 3308 nomine
926 3243 1094 3322 Henricus,
1114 3243 1299 3308 nonnullam
1320 3263 1446 3306 moram
1535 3267 1536 3322 ᾗ

308 3330 480 3418 aliquando
494 3329 615 3397 fecerat
629 3331 662 3394 in
677 3330 829 3416 obsequio
848 3331 995 3396 Gaufridi
1013 3331 1130 3396 Prioris
1146 3331 1186 3396 de
1204 3329 1445 3418 Tynemudtlrt.
1535 3339 1536 3380 ἲ

312 3419 376 3484 Hic
399 3419 450 3484 die
473 3419 610 3506 quadarn
633 3433 795 3504 assumpto
810 3441 885 3485 arcu
902 3442 1044 3505 egressus
1060 3433 1109 3485 est
1124 3420 1165 3484 ad
1180 3419 1396 3484 exercendum
1410 3441 1446 3483 se
1535 3475 1536 3480 ,

309 3508 351 3572 ad
373 3507 606 3573 occurrentium
628 3506 688 3572 sibi
711 3507 873 3592 signorum
894 3531 1023 3593 genera,
1040 3521 1074 3572 et
1089 3507 1316 3572 monasterium
1335 3505 1447 3571 Sancti

312 3595 411 3680 Regis
426 3609 459 3660 et
477 3595 628 3680 Martyris
647 3595 765 3661 Oswini
787 3595 891 3681 petiit,
908 3619 1079 3682 arcumque
1095 3594 1234 3660 tetendit
1244 3618 1254 3671 ;
1270 3609 1304 3660 et
1321 3593 1447 3680 jaciens
1535 3601 1536 3680 J

309 3683 468 3768 sagittam,
485 3682 517 3746 in
540 3706 605 3747 uno
626 3683 816 3748 foraminum
831 3684 1020 3764 ‚monasterii
1036 3683 1173 3748 latitanti
1189 3683 1346 3748 columbae
1361 3683 1449 3747 alam
1535 3681 1536 3746 l

308 3770 416 3856 fregit.
475 3770 558 3844 Quae
584 3795 617 3836 se
643 3771 750 3836 laesam
777 3771 928 3849 sentiens,
953 3771 1107 3836 foramine
1132 3770 1193 3836 iter
1221 3794 1279 3857 per
1305 3770 1448 3835 mediam

310 3858 480 3924 maceriam
501 3860 676 3944 praebente,
694 3859 843 3924 interiora
866 3859 976 3944 templi
992 3859 1090 3935 adiit3
1113 3871 1147 3922 et
1168 3859 1257 3946 quasi
1281 3859 1446 3944 refugium

311 3968 466 4034 quaerens,
480 3949 539 4011 sub
550 3947 664 4012 scrinio
684 3947 792 4012 Sancti
806 3945 958 4047 Martyris
974 3969 1008 4011 se
1021 3946 1203 4011 occultavit.
1239 3947 1341 4012 Porro
1352 3949 1450 4033 juve-

309 4035 358 4100 nis
379 4036 471 4100 laetus
494 4036 538 4100 de
557 4035 735 4100 innocentis
757 4033 823 4099 avis
837 4035 977 4114 laesione,
1000 4048 1108 4120 portas
1123 4035 1306 4100 monasterii
1323 4034 1451 4120 pernici

310 4147 419 4214 gressu
442 4124 623 4198 advolavit3
646 4136 680 4186 et
699 4123 886 4208 perveniens
901 4123 943 4187 ad
958 4125 1101 4188 tumbam
1120 4123 1238 4201 Sancti,
1263 4123 1451 4189 columbam

310 4213 471 4278 inventam
493 4211 587 4296 cepit,
608 4233 667 4274 nec
694 4211 813 4275 Sancto
834 4211 875 4276 ad
895 4234 991 4298 quem
1015 4211 1202 4296 confugerat
1225 4211 1384 4291 deferens,
1414 4212 1451 4276 in

311 4304 378 4387 ejus
393 4299 542 4386 praesidio
557 4297 685 4376 occidit,
703 4309 736 4363 et
755 4321 863 4364 secum
878 4299 1019 4364 abstulit.
1080 4299 1146 4364 Sed
1159 4298 1241 4364 ultio
1256 4298 1365 4364 divina
1379 4322 1452 4365 non
1535 4305 1536 4394 J

310 4389 421 4466 defuit,
433 4411 505 4474 quae
514 4385 720 4480 incontinenti
731 4388 883 4473 juvenem
892 4387 924 4451 in
934 4411 998 4452 uno
1010 4387 1193 4458 occulorum
1201 4387 1329 4453 videndi
1340 4385 1452 4477 officio
