3094 5292
483 496 594 548 neers
623 497 845 548 naraonnn.
1196 480 1244 554 19

89 657 214 744 praefati
233 657 369 724 Comitis
385 679 478 737 uxor,
493 659 606 724 Judith
622 659 763 739 nomine,
780 655 924 744 pontifici
940 657 980 722 ad
992 643 1159 722 ecclesiam
1170 659 1240 743 jam

88 745 273 830 properanti
296 758 421 810 secreto
441 747 621 824 mandaret,
638 746 787 834 quatinus
802 745 839 824 si,
857 746 998 809 donante
1014 743 1100 822 Deo,
1122 765 1238 829 corpus

91 832 201 897 Sancti
227 831 389 918 Martyris.
412 854 484 896 eum
514 833 656 898 iuvenire
687 833 899 920 contingeret,
922 831 1236 919 quantulamcunque

86 918 268 1002 portionem
283 918 357 984 inde
373 941 433 1004 pro
444 919 669 985 benedictione
684 933 873 996 reservaret,
890 930 927 983 ut
943 919 1018 1004 quia
1032 939 1092 1002 pro
1107 941 1165 982 suo
1181 917 1238 982 de·

87 1004 205 1070 siderio
226 1027 379 1070 unacum
403 1004 471 1069 aliis
495 1028 634 1091 praesens
651 1029 720 1072 esse
736 1029 800 1070 non
815 1018 954 1090 poterat,
971 1005 1106 1068 haberet
1122 1005 1236 1068 saltem
1272 1075 1275 1084 y

86 1091 173 1176 qnod
189 1114 248 1177 pro
264 1114 374 1156 amore
393 1091 503 1156 Sancti
519 1093 724 1178 postmodum
736 1091 882 1156 venerari
897 1091 1065 1177 potuisset.
1128 1091 1238 1154 Vene-

87 1177 194 1241 rabilis
217 1178 316 1262 igitnr
342 1177 530 1262 Episcopus,
548 1201 622 1242 curn
637 1179 883 1243 sacratissimum
906 1199 1020 1262 corpus
1036 1177 1170 1242 abluens
1193 1177 1237 1240 ad

86 1276 184 1348 capnt
211 1264 418 1348 pervenisset,
444 1265 570 1328 devotae
597 1265 761 1350 petitionis
780 1264 960 1330 Comitissae
976 1287 1040 1328 non
1056 1263 1234 1339 immernor,

86 1349 128 1413 de
152 1349 273 1435 capillis
295 1364 405 1415 sancto
427 1350 539 1415 vertici
562 1352 812 1428 adhaerentibus
829 1350 879 1437 pie
894 1372 1100 1437 praesumens,
1117 1372 1236 1434 paucos

85 1439 211 1522 accepit
224 1461 234 1512 3
257 1461 336 1530 quos
361 1437 465 1501 eidem
495 1438 620 1502 mulieri
650 1452 762 1523 postea
791 1440 937 1516 daturus,
962 1438 1065 1501 donec
1096 1436 1237 1501 officinm

86 1524 312 1608 compleretur,
338 1524 543 1590 devotissime
565 1525 743 1610 recollegit.
763 1526 900 1589 Peracto
923 1527 1031 1624 itaque
1048 1523 1235 1600 ministerio,

88 1609 268 1695 Episcopus
291 1625 364 1696 post
390 1612 527 1695 psalmos
554 1625 587 1676 et
610 1612 744 1676 letanias
772 1611 994 1696 Omnipotentt
1018 1611 1092 1675 Deo
1118 1609 1238 1698 gratias

85 1719 199 1780 agens,
224 1699 442 1784 populumque
466 1698 725 1764 circumstantem
746 1698 951 1775 benedicens,
976 1697 1108 1782 capillos
1131 1695 1234 1760 sancti

87 1783 212 1867 capitiS,
238 1785 326 1871 quod
341 1807 502 1872 nunquam
526 1785 769 1870 inpingnaverat
792 1784 967 1870 peccatoris
983 1784 1102 1861 oleum,
1119 1783 1237 1847 disces·

86 1892 182 1934 surus
196 1871 339 1948 abstulit,
356 1894 437 1959 quos
452 1871 632 1936 Comitissae
648 1873 692 1936 nil
715 1871 802 1936 aliud
817 1894 1012 1956 magnopere
1027 1869 1234 1948 desideranti,

85 1957 324 2044 adventumque
337 1981 428 2021 snum
441 1959 500 2022 hac
510 1959 551 2022 de
565 1961 659 2023 causa
669 1956 801 2023 sollicite
812 1957 1236 2043 praestolanti,congandens

84 2043 208 2107 attulit.
258 2045 349 2118 Quos
365 2047 487 2108 summa
502 2068 575 2108 curn
587 2046 759 2110 devotione
772 2059 805 2109 et
821 2045 932 2110 debita
947 2045 1153 2110 veneratione
1169 2067 1238 2107 sus-

85 2129 220 2215 cipieuS,
237 2132 357 2218 quanta
381 2131 493 2195 laetitia
511 2132 655 2216 gestierit
698 2145 873 2219 nautasque
890 2133 963 2196 Deo
982 2131 1100 2216 gratias
1120 2131 1236 2216 egerit,

83 2229 308 2304 quantumque
323 2218 525 2282 lacrimarum
545 2219 660 2282 mulier
674 2156 793 2282 devota
804 2242 871 2303 prae
886 2219 1006 2302 gaudio
1021 2218 1152 2296 fuderit,
1166 2217 1237 2306 quis

71 2321 230 2391 'unquam
251 2305 433 2368 mortalium
457 2305 566 2389 lingna
589 2329 645 2370 sen
672 2306 794 2370 calamo
818 2306 979 2390 explicare
1002 2305 1133 2390 poterit.
1194 2305 1237 2368 Et

82 2390 163 2477 qnia
184 2394 281 2478 juxta
306 2392 398 2456 Pauli
422 2414 546 2469 vocem,
572 2392 707 2457 “Fides
731 2405 779 2456 est
803 2393 1031 2478 sperandarum
1061 2391 1239 2456 substantia

68 2483 208 2555 rernm,
226 2493 450 2562 argumentum
464 2502 529 2543 non
544 2481 787 2564 apparentum,’'
803 2479 958 2564 praedicta
973 2479 1087 2544 mulier
1105 2479 1236 2564 capillos

87 2565 204 2630 Sancti
230 2565 319 2628 nullo
342 2565 414 2630 loco
438 2568 606 2644 conclusit,
633 2569 689 2632 sed
719 2566 798 2652 iguis
827 2567 1018 2652 purgatione
1042 2566 1129 2652 prins
1163 2589 1241 2652 pro-

82 2653 165 2717 bare
193 2651 361 2736 disposuit,
386 2675 451 2716 non
479 2667 515 2717 ut
541 2653 573 2717 in
604 2654 710 2740 aliquo
736 2655 778 2718 de
809 2654 883 2738 ipsis
913 2655 1087 2731 dubitaret,
1116 2655 1173 2718 sed
1200 2667 1238 2718 nt
1270 2706 1272 2710 ,

84 2736 246 2825 Martyris
269 2739 420 2803 meritum
435 2739 641 2805 circumcirca
655 2764 713 2825 per
726 2741 789 2804 hoc
804 2739 898 2804 latins
902 2787 1183 2807 ....................
1185 2755 1237 2805 rat

82 2827 173 2890 enirn
196 2826 238 2890 de
262 2827 378 2890 talibus
402 2826 566 2911 scriptum,
594 2829 674 2892 “Et
699 2827 832 2912 capillus
855 2826 896 2890 de
919 2827 1024 2912 capite
1047 2841 1155 2891 vestro
1170 2850 1237 2890 nou
1276 2838 1277 2842 ’

80 2913 237 2998 peribit.”
286 2913 471 2997 Obenigna
486 2916 659 2993 temeritas,
677 2927 710 2979 et
733 2913 904 2979 temeraria
917 2914 1119 2999 benignitas!
1165 2913 1236 2979 Nec

67 3013 192 3064 mora.
241 2999 402 3064 Accensns
418 3013 466 3063 est
482 3001 591 3087 itaque
607 3001 754 3086 copiosus
776 3001 858 3086 ignis
875 3002 906 3064 in
922 3004 1015 3080 atrio,
1033 3015 1068 3066 et
1084 3001 1238 3087 impositis

79 3086 192 3170 ignito
215 3086 308 3150 lateri
332 3086 462 3173 capillis,
488 3088 528 3151 ab
552 3088 700 3152 omnibns
723 3089 918 3154 unanimiter
930 3089 974 3153 ad
996 3089 1104 3154 Deum
1120 3089 1238 3155 devote

79 3173 236 3238 funditur
258 3173 373 3238 oratio.
421 3174 508 3238 Mira
529 3198 591 3239 res,
638 3175 694 3240 Nil
718 3177 835 3264 quippe
852 3177 944 3240 citius
960 3176 1026 3262 pilo
1040 3177 1121 3262 ignis
1137 3178 1238 3242 odore

80 3260 297 3338 consumitur,
315 3274 349 3325 et
365 3274 472 3326 tamen
487 3262 643 3326 immissus
655 3264 672 3328 b
685 3264 829 3328 fervente
842 3264 984 3352 undique
995 3264 1145 3329 incendio
1156 3266 1238 3350 pilus

78 3370 150 3412 non
167 3347 309 3411 laeditur.
358 3349 604 3414 Omirarerum
620 3351 806 3415 conversio!
854 3350 970 3436 Neque
985 3351 1070 3414 enirn
1086 3351 1166 3438 i'gnis
1182 3353 1240 3416 de-

22 3505 26 3510 ,
77 3435 219 3500 ficiente
234 3434 367 3499 materia
378 3435 581 3520 frigescebat,
596 3436 653 3500 sed
664 3440 773 3522 potius
789 3437 905 3522 injecta
914 3437 1073 3522 lignorum
1088 3439 1239 3522 congerie

77 3521 190 3606 magis
214 3544 251 3585 ac
274 3521 375 3606 magis
402 3523 643 3588 exardescebat.
700 3524 788 3598 Quid
809 3547 887 3608 ergo
902 3525 1239 3611 dicemus-capillum

76 3607 226 3673 durioris
242 3609 429 3673 substantiae
447 3609 598 3674 virtutem
613 3611 828 3696 assumpsisse,
845 3635 886 3676 an
905 3613 1011 3694 ignem
1027 3636 1094 3676 suae
1115 3626 1239 3682 naturae

77 3697 207 3760 ardore
229 3695 396 3760 caruisse?
419 3696 559 3761 minime.
610 3698 674 3762 Sed
696 3698 751 3786 qni
774 3713 839 3762 tres
855 3721 972 3784 pueros
988 3700 1113 3765 camino
1133 3701 1242 3788 Baby-

76 3783 167 3848 lonis
196 3805 288 3846 sanos
313 3798 347 3847 et
371 3783 544 3849 incolumes
569 3784 717 3849 incedere
738 3786 826 3862 fecit,
851 3787 918 3870 ipse
932 3787 1036 3851 fidelis
1051 3790 1099 3852 sni
1123 3793 1240 3854 merito

75 3869 219 3955 capillos
243 3871 283 3932 ab
307 3869 381 3953 igne
403 3871 557 3956 protexit.
621 3873 793 3937 Comitissa
812 3897 942 3960 quoque
956 3874 1001 3938 rei
1018 3875 1240 3958 magnitudine

73 3955 270 4044 perterrita,
295 3957 364 4020 solo
394 3957 627 4042 prosternitur-3
652 3959 889 4050 lacrimosisqne
911 3961 1101 4045 singultibus
1128 3961 1239 4026 Deum

79 4047 311 4130 Sanctumqne
340 4044 520 4130 Martyrem
549 4044 669 4109 diutius
700 4069 847 4124 exorans,
879 4048 1072 4135 quandoque
1100 4062 1244 4112 tremens.

74 4131 236 4216 erigitur.
285 4131 445 4214 Represso
464 4131 571 4218 itaque
593 4131 757 4211 incendio,
771 4134 919 4218 populus,
941 4134 995 4221 qni
1010 4150 1238 4216 convenerant,

77 4215 360 4300 Omnipotentem
383 4218 491 4282 Deum
506 4217 686 4282 mirabilem
707 4219 739 4283 iu
767 4220 890 4284 Sanctis
906 4221 969 4284 suis
992 4221 1179 4306 praedicans,
1197 4225 1240 4288 ad

71 4303 220 4395 propria
241 4304 348 4368 rediit.
412 4305 611 4370 Venerabilis
634 4329 712 4371 vero
735 4307 855 4372 semina
873 4309 1002 4392 capillos
1023 4310 1131 4376 Sancti
1149 4310 1239 4374 Mar-

71 4395 163 4479 tyris
191 4389 234 4454 de
257 4391 330 4456 loco
353 4392 493 4458 incendii
517 4393 721 4546 sublatos,2in
748 4416 832 4459 novo
855 4395 972 4462 locello
994 4419 1089 4484 quem
1112 4397 1239 4462 adhoc

634 4503 655 4546 a
