3132 5286
323 415 374 486 68
767 427 862 482 vrrs
889 427 1030 480 oswnu

326 595 415 684 quod
438 594 558 658 dicitur
581 595 636 659 Ad
660 592 799 658 Vincula
821 596 890 678 ipsa
912 590 1026 656 mulier
1050 590 1082 654 in
1106 588 1278 674 praesentia
1302 587 1471 675 Martyris,

324 683 419 748 solita
436 682 586 747 instantia
612 681 748 746 orationi
771 680 989 757 incumberet3
1027 691 1059 744 et
1075 678 1153 742 dum
1177 677 1322 741 divinum
1338 677 1371 740 in
1396 701 1474 741 con·

324 784 424 836 ventu
447 771 667 835 celebraretur
693 769 845 848 officium,
862 780 982 854 optatae
1005 766 1133 832 reddita
1148 765 1292 853 sospitati
1312 769 1472 843 surrexit3

324 860 480 946 nobisque
496 859 702 924 cernentibus
717 859 868 924 baculum
883 859 916 921 in
939 855 1155 920 testimonium
1171 853 1314 919 sanitatis
1330 869 1473 940 acceptae

325 948 518 1034 relinquem,
545 971 618 1035 quae
641 961 806 1030 repenset
829 947 927 1010 tristis
944 947 1126 1022 advenerat,
1143 944 1291 1030 gradiens
1315 955 1348 1006 et
1363 941 1472 1007 hilaris

324 1036 480 1102 remeavit
495 1037 537 1100 ad
560 1036 705 1121 propria:
730 1037 799 1119 ipso
820 1029 973 1098 Sanctum
989 1056 1081 1098 suum
1105 1031 1221 1096 talibus
1237 1030 1413 1115 insignibus
1437 1031 1472 1094 il-

323 1123 489 1203 lustrante,
503 1125 558 1211 qui
570 1137 618 1188 est
635 1123 726 1188 Deus
738 1122 927 1188 benedictus
940 1122 972 1185 in
987 1121 1103 1189 secula.
1153 1122 1272 1188 Aura.

322 1387 422 1455 CAP.
446 1386 669 1453 XLIK-Dc
698 1388 835 1470 quddam
859 1388 965 1467 puella
995 1387 1017 1451 d
1045 1390 1180 1450 daemone
1207 1395 1330 1463 venam,
1359 1396 1391 1451 et
1412 1409 1474 1469 per

663 1476 808 1541 Sanctum
826 1474 987 1538 Oswiaam
1002 1477 1143 1539 liberatd.

1555 939 1560 1030 r

368 1648 481 1714 Puella
500 1649 648 1736 quaedam
672 1651 713 1714 de
738 1650 958 1714 Northsetune
984 1649 1086 1714 atroci
1109 1650 1257 1714 daemone
1281 1649 1472 1724 vexabatur,
1559 1723 1560 1736 χ

323 1761 396 1825 quae
413 1762 493 1824 quos
506 1738 663 1821 attingere
678 1752 817 1823 poterat,
836 1739 995 1822 unguibus
1006 1752 1038 1802 et
1050 1761 1155 1802 morsu
1172 1738 1325 1804 laniabat.
1376 1739 1473 1802 Hanc

322 1841 472 1913 parentes
488 1828 545 1905 sni,
560 1827 600 1890 de
615 1828 723 1891 Sancti
740 1826 858 1890 meritis
874 1842 1116 1911 praesumentes,
1131 1827 1172 1890 ad
1185 1825 1338 1912 Martyris
1349 1827 1474 1892 duxere

323 1914 530 1998 praesentiam
544 1938 552 1989 3
577 1926 609 1978 et
637 1914 757 1978 ibidem
774 1937 846 1979 oum
871 1915 954 1976 eain
979 1915 1124 1979 oratione
1153 1928 1389 2000 pernoctantes,
1416 1939 1474 1999 per

326 2001 437 2066 Sancti
453 2000 568 2066 merita
591 2016 701 2086 optato
718 2004 815 2088 potiti
831 2003 975 2066 sanitatis
999 2005 1166 2080 benefici0,
1184 2002 1324 2088 puellam
1349 2003 1475 2067 incoln-

323 2113 409 2154 mem
429 2091 573 2155 laetantes
589 2090 631 2154 ad
653 2091 783 2176 propria
799 2091 1009 2159 reduxerunt.
1062 2091 1160 2165 Quod
1176 2092 1365 2156 miraculum
1390 2092 1474 2156 cele·

322 2179 426 2243 briter
450 2179 580 2256 factum,
599 2191 632 2242 et
656 2180 853 2244 sollemniter
869 2179 901 2242 in
925 2180 1058 2244 ecclesia
1073 2201 1181 2244 coram
1204 2181 1326 2265 populo
1342 2181 1474 2265 publice

322 2269 501 2345 recitatum,
526 2267 640 2332 litteris
664 2268 817 2332 mandare
833 2271 1012 2332 curavimus
1024 2293 1033 2344 3
1057 2285 1093 2332 ut
1109 2282 1284 2354 cognoscat
1306 2272 1476 2352 generatio

323 2355 434 2432 altera,
454 2356 540 2440 quod
559 2356 648 2418 Deus
679 2358 832 2419 Sanctum
850 2378 941 2420 suum
959 2357 1075 2420 talibus
1100 2357 1259 2422 illustrare
1275 2379 1341 2420 non
1357 2358 1478 2422 desinit

324 2442 509 2526 insignibus,
527 2445 582 2528 qui
598 2455 648 2505 est
662 2443 849 2507 benedictus
864 2446 897 2507 in
913 2444 1029 2512 secula.
1079 2446 1198 2512 Anna.

596 2705 694 2770 CAP.
712 2707 916 2771 XLV-De
931 2711 1064 2790 quodam
1078 2711 1205 2778 latrone.

368 2880 532 2964 Tempore
549 2903 613 2966 quo
625 2881 755 2966 praefuit
768 2882 913 2948 ecclesiae
928 2883 969 2947 de
984 2883 1228 2948 Thinemudthd
1241 2887 1335 2951 Prior
1349 2889 1479 2954 Archa-

320 2967 398 3045 rius,
416 2969 465 3030 vir
481 2967 625 3030 honestae
638 2969 721 3047 vitae,
739 2970 843 3034 clarus
859 2995 987 3058 genere,
1005 2972 1095 3036 annis
1111 2986 1255 3038 maturus
1272 2979 1477 3056 amoribus,

321 3055 539 3118 manifestavit
558 3056 648 3118 Deus
671 3057 801 3143 antiqua
816 3058 969 3124 miracula
985 3083 1042 3123 sua
1057 3060 1098 3124 ad
1120 3060 1275 3127 honorem
1290 3081 1323 3127 et
1335 3064 1479 3148 gloriam

324 3141 521 3206 Sanctissimi
537 3143 585 3205 sui
604 3143 701 3227 Regis
726 3160 759 3209 et
774 3146 927 3234 Martyris
945 3147 1077 3212 Oswini,
1125 3149 1347 3215 Manifestavit
1363 3169 1477 3218 autem

322 3231 378 3293 sic.
425 3230 566 3306 Quidam
583 3232 742 3296 aurifaber
753 3233 924 3318 ingenuus,
947 3235 1150 3299 Baldewinns
1166 3241 1307 3317 nomine,
1320 3240 1351 3303 in
1368 3245 1480 3330 cujus-

321 3317 402 3382 libet
416 3317 536 3382 metalli
560 3320 691 3384 scientia
713 3323 935 3407 peritissimus
952 3323 1183 3409 aliquantulam
1199 3349 1321 3410 moram
1336 3329 1413 3392 fecit
1440 3334 1478 3395 in

320 3405 470 3490 praedicti
497 3405 616 3470 Prioris
632 3410 806 3496 obsequi03
831 3424 867 3473 ut
890 3411 1027 3488 thecam,
1042 3413 1075 3474 in
1097 3413 1160 3498 quai
1177 3413 1332 3501 Martyris
1358 3419 1478 3484 Sancti

321 3517 437 3580 corpus
468 3496 665 3574 reconditur,
695 3499 789 3562 solito
811 3497 978 3562 decentius
1005 3512 1139 3583 argento
1161 3505 1294 3568 vestiret
1318 3518 1351 3568 et
1376 3529 1476 3576 aur0.

322 3581 387 3646 Die
400 3604 476 3646 vero
503 3583 612 3648 Sancti
629 3586 761 3661 Oswini,
779 3607 851 3648 cum
868 3586 910 3648 ad
930 3586 1044 3650 festum
1060 3588 1198 3674 populus
1221 3614 1263 3654 ex
1280 3615 1368 3657 more
1392 3617 1480 3660 con-

320 3683 472 3748 curreret,
500 3672 631 3756 quidam
659 3673 828 3737 Martirem
855 3672 1072 3738 oblationibus
1102 3689 1136 3739 et
1166 3676 1290 3743 devotis
1320 3683 1479 3766 precibus

320 3755 485 3822 humiliter
500 3761 713 3835 excolebant3
737 3759 791 3822 alii
813 3759 927 3825 refecti
941 3761 1131 3827 lautioribus
1147 3766 1258 3850 epulis,
1276 3769 1396 3833 lusibus
1419 3773 1479 3836 in-

321 3846 497 3911 tendebant
509 3860 542 3910 et
553 3848 647 3931 jocis.
695 3847 778 3910 Cum
795 3861 903 3912 autem
918 3849 1226 3919 Baldewinusvoces
1241 3855 1422 3922 ludentium
1443 3877 1481 3926 et

320 3934 477 3999 tumultus
493 3935 644 4011 audisset,
661 3934 702 3996 ad
719 3936 938 4018 spectaculum
953 3937 1141 4004 festinanter
1156 3947 1312 4020 accurrit3
1329 3959 1361 4010 et
1371 3947 1480 4013 ostio-

319 4021 387 4084 lum
403 4044 470 4086 suae
487 4021 617 4083 fabricae
633 4023 739 4085 minus
755 4023 846 4088 caute
856 4024 1027 4113 dereliquit
1049 4043 1206 4112 apertum.
1253 4033 1319 4096 Fur
1338 4036 1478 4121 quidam

319 4110 447 4172 interim
461 4108 539 4171 dicti
551 4107 705 4172 fabricam
721 4113 864 4190 artificis,
878 4137 951 4199 quae
968 4115 1121 4199 contigua
1136 4131 1204 4182 erat
1220 4121 1364 4186 ecclesiae
1378 4123 1477 4188 Mar-

319 4198 408 4283 tyris,
435 4196 573 4259 latenter
600 4197 696 4273 adiit3
721 4215 754 4263 et
773 4199 944 4286 ingressus,
977 4226 1107 4268 omnem
1135 4207 1346 4274 substantiam
1371 4235 1476 4300 quam

318 4296 450 4369 portare
479 4285 596 4367 potuit,
623 4285 764 4373 collegit,
797 4291 913 4374 rapuit,
939 4291 1086 4378 clamque
1113 4294 1269 4361 discessit.
1320 4298 1363 4365 Et
1393 4303 1476 4387 quia

318 4392 433 4456 pacem
457 4369 623 4459 Martyris,
642 4399 714 4462 quae
737 4377 846 4442 multis
862 4379 903 4442 ad
919 4378 1017 4444 vitam
1038 4379 1172 4464 profuit,
1189 4407 1271 4450 ausu
1293 4393 1475 4455 temerario

317 4459 458 4541 violavit,
475 4463 669 4549 condignam
692 4468 758 4532 suis
772 4467 894 4533 meritis
909 4466 944 4532 in
966 4465 1072 4556 seipso
1087 4472 1187 4540 sensit
1207 4475 1355 4560 protinus
1369 4479 1475 4546 ultio-
