3094 5292
310 507 334 573 Q
764 523 855 573 vlrn
884 525 1022 574 oswrur

310 707 383 785 quae
405 685 620 770 perstrinxit
611 684 719 749 Sancti
739 684 854 750 merita
874 685 1000 750 latius
987 697 1085 770 Juxta
1105 686 1323 770 possibilitatis
1339 689 1458 754 medio-

310 772 457 836 critatem
473 794 602 836 narrare
621 771 763 871 instituo,
781 794 884 857 pauca
899 786 1006 836 tamen
1028 774 1069 836 ab
1089 773 1225 836 aliorum
1247 773 1386 839 historiis
1401 799 1459 840 ex-

309 859 454 943 cerpta*
470 858 547 922 fidei
562 858 663 947 magis
670 859 938 924 ''accedentiat
890 873 938 923 rnt
939 882 1058 923 erscre.
1103 863 1245 942 Explicit
1258 865 1415 946 prolapus.

312 1119 411 1186 CAP.
439 1121 468 1183 I.
471 1120 632 1200 -lncipit
654 1123 802 1203 quoraodo
824 1121 944 1184 Beatus
973 1121 1128 1223 oswinus,
1144 1123 1192 1184 ab
1213 1126 1317 1200 atavis
1338 1126 1460 1206 rupibus

397 1197 509 1271 ducens
523 1211 681 1287 originem,
699 1216 773 1286 post
785 1217 910 1272 ιιιοιίιιιι
927 1212 1033 1288 patris
1047 1212 1098 1270 sci
1111 1227 1179 1270 cum
1188 1213 1261 1271 ruis
1275 1211 1396 1274 donate
1406 1233 1457 1274 erc-

398 1297 557 1366 ιιῐαυειίἰς
573 1303 603 1356 et
617 1303 691 1374 post
710 1293 895 1368 decennium,
912 1295 1129 1358 lraercditurius
1148 1314 1204 1358 reu
1226 1297 1401 1377 Deyrornat
1415 1300 1461 1361 ad

397 1389 499 1498 uotum
515 1383 616 1460 pentir
631 1382 716 1456 illius
730 1380 854 1462 effectus
867 1384 916 1443 sit.

358 1551 526 1616 Gloriosus
550 1513 651 1636 igitiir
678 1551 816 1651 Deoque
837 1552 974 1624 dilectus
998 1551 1045 1614 vir
1069 1554 1269 1618 venerandus
1298 1555 1458 1638 Oswinus,

309 1639 400 1704 claris
417 1653 505 1702 ortus
522 1639 692 1715 natalibus,
706 1661 790 1724 regrs
808 1638 863 1703 De
843 1661 992 1703 erorum
1013 1627 1117 1702 Osrici
1132 1639 1192 1702 fuit
1207 1640 1304 1705 filius.
1350 1633 1457 1706 Nord-

310 1727 563 1790 thanunbrorum
577 1726 660 1810 regis
673 1725 835 1789 clarissimi
896 1726 991 1789 dwini
1007 1726 1203 1812 propinquus
1216 1728 1338 1806 extitit,
1352 1743 1459 1814 pater-

309 1813 405 1899 nique
424 1813 572 1878 sternatis
603 1812 854 1896 generositatem
879 1835 1005 1877 morum
1032 1813 1194 1897 probitate
1218 1816 1455 1895 transcendens,
1526 1805 1527 1828 ¹

309 1899 407 1972 fidem
423 1898 526 1974 Gristi
546 1901 641 1962 bonae
657 1899 771 1963 indolis
795 1922 875 1984 puer
891 1898 1063 1977 excoluit,
1061 1924 1081 1964 a
1096 1902 1158 1986 qua
1181 1914 1273 1985 pater
1295 1917 1369 1986 post
1391 1927 1460 1966 sus-

308 1999 440 2071 ceptum
454 1985 603 2070 baptismi
619 1999 851 2050 sacramentum
868 1999 1051 2071 apostatans
1066 1987 1273 2052 exorbitavit.
1322 1989 1458 2054 Sublato

308 2096 445 2160 namque
469 2073 509 2136 de
533 2072 640 2136 medio
663 2073 800 2158 praefato
829 2072 1176 2160 Nordthanynbrorum
1197 2098 1275 2174 rege
1292 2075 1457 2154 AEdwino,

307 2174 527 2225 successerunt
540 2183 569 2224 er
561 2159 651 2224 duo
666 2183 780 2245 reges;
795 2183 932 2247 quorum
949 2184 1029 2225 unus
1041 2162 1125 2225 lilius
1140 2163 1246 2246 patrui
1262 2185 1311 2226 sur
1302 2163 1459 2228 AElfrici

205 2331 207 2336 Α
307 2261 388 2325 erat,
411 2247 539 2312 Osricus
562 2247 713 2324 nomine;
736 2248 818 2311 alter
840 2249 923 2312 filius
947 2249 1007 2312 AEt
995 2248 1148 2326 thelfridi,
1166 2249 1219 2335 qui
1243 2263 1318 2314 ante
1335 2251 1462 2315 AEdwi-

307 2357 385 2398 num
399 2348 600 2418 regnaverat,
615 2335 681 2398 dict
669 2348 718 2398 tus
732 2334 911 2399 AEntridus.
960 2336 1005 2398 Hi
1016 2334 1364 2420 Nordthanynbrorum
1380 2360 1460 2421 gen-

307 2435 385 2499 tem,
409 2421 584 2485 secundum
607 2421 695 2507 quod
718 2419 854 2506 antiquit
856 2420 892 2484 bs
916 2434 996 2497 erat,
1017 2421 1050 2483 in
1073 2422 1151 2485 duas
1174 2422 1353 2506 provincias
1377 2423 1461 2488 divi-

307 2510 431 2584 dentes,
468 2507 597 2572 Osricus
628 2507 714 2572 beati
749 2506 869 2570 Oswini
896 2507 995 2572 frater
1032 2530 1166 2607 regnum
1198 2509 1396 2610 Deyrorum,
1425 2527 1459 2576 et

307 2595 476 2666 AEmfridus
496 2595 717 2659 Berniciorum
739 2593 797 2657 sibi
812 2594 1041 2694 gubernacula,
1054 2595 1149 2694 qpasi
1164 2596 1371 2661 successionis
1381 2597 1461 2681 jure

307 2683 528 2747 vendicarunt.
576 2681 766 2767 Prodiitque
779 2680 869 2766 quasi
884 2703 927 2745 ex
942 2679 1061 2764 adipe
1053 2681 1225 2782 miquitatis
1241 2705 1364 2761 eorum,
1379 2685 1461 2749 dum

305 2771 403 2836 fidem
422 2769 518 2836 Cristi
517 2791 631 2869 quam
655 2790 808 2866 pauperes
824 2775 1040 2852 susceperant,
1061 2768 1128 2852 jam
1145 2769 1259 2870 divites
1275 2771 1352 2834 facti
1368 2765 1527 2855 abja-i

304 2870 430 2936 cerunt,
453 2856 670 2943 excitavitque
694 2853 854 2919 Dominus
876 2855 1027 2920 baculum
1049 2854 1164 2920 furoris
1187 2856 1236 2920 sui
1263 2858 1527 2922 Caedwalam

304 2967 415 3029 regem
434 2944 615 3019 Britonum,
633 2954 667 3006 et
682 2964 722 3006 eo
737 2940 882 3006 ministro
897 2954 1058 3027 apostatas
1070 2965 1163 3027 reges
1178 2966 1279 3030 usque
1295 2944 1367 3009 ad
1359 2959 1464 3010 mter-

304 3032 464 3096 nicionem
484 3029 667 3132 percussit.
700 3028 860 3092 Tulerunt
848 3039 925 3114 tque
948 3029 1085 3093 Beatum
1105 3031 1270 3095 Oswinum
1285 3031 1462 3118 propinqui

293 3131 339 3192 ,et
350 3120 494 3184 fautores
518 3119 597 3215 ejus,
615 3113 691 3202 quia
713 3113 796 3178 infra
810 3137 909 3181 annos
925 3129 1004 3193 erat,
1023 3130 1056 3181 et
1075 3117 1180 3181 aetatis
1203 3117 1406 3182 imbecillitas
1424 3135 1462 3185 et

304 3205 465 3272 facultatis
482 3202 619 3267 tenuitas
642 3213 697 3286 pat
699 3201 741 3264 ris
757 3215 894 3267 mortem
910 3203 1073 3268 vindicare
1090 3227 1153 3268 non
1176 3205 1409 3289 permittebat,
1424 3221 1463 3272 et

304 3317 378 3358 cum
408 3316 448 3358 eo
478 3289 563 3374 apud
593 3289 755 3354 Occiduos
789 3290 933 3355 Saxones
963 3313 1022 3376 per
1051 3290 1259 3356 decennium
1272 3293 1462 3360 exalarunt.

307 3379 470 3446 Caeduala
491 3398 580 3453 vero,
608 3376 684 3440 licet
712 3375 809 3441 Cristi
785 3378 1039 3443 tsacramentis
1062 3379 1204 3448 imbutus
1226 3392 1335 3480 esset,
1349 3393 1464 3446 tamen

302 3467 435 3554 perditis
451 3461 595 3527 moribus
616 3462 713 3528 Cristi
731 3464 844 3550 gratiae
868 3464 1022 3550 ingratus,
1040 3482 1171 3549 gentem
1193 3465 1527 3566 provinciamque

307 3551 659 3654 Nordthanimbrorum
681 3551 776 3616 armis
798 3554 963 3618 subactam
988 3552 1142 3637 populare
1159 3551 1267 3652 coepit,
1286 3575 1344 3617 nec
1367 3553 1402 3616 in
1418 3557 1464 3620 ea

298 3640 380 3728 juris
396 3640 584 3738 aequitatem
600 3659 762 3716 exercere,
780 3639 922 3703 sedeam
937 3661 995 3723 per
1007 3638 1234 3702 exterminium
1249 3640 1358 3705 delere
1371 3655 1465 3718 sata-

292 3729 411 3812 gebat.
460 3725 558 3825 Regis
582 3737 691 3789 tamen
714 3726 892 3794 dominium
915 3747 980 3788 uno
1004 3747 1089 3789 anno
1104 3725 1136 3788 in
1151 3725 1300 3790 miseram
1319 3741 1463 3812 gentem

301 3814 363 3878 sibi
386 3813 562 3900 usurpavit,
580 3813 637 3876 sed
660 3812 830 3876 officium
822 3836 855 3875 m
877 3810 1022 3875 dominio
1044 3810 1172 3875 minimi
1195 3814 1462 3914 commendavit:

305 3902 563 3988 Compassusque
587 3898 641 3989 pie
643 3899 717 3963 tatis
737 3899 896 3962 Dominus
919 3897 1044 3961 miserae
1066 3899 1170 3982 gentis
1186 3899 1333 3978 miseriae,
1355 3902 1466 3967 Sanc-

299 4001 372 4089 tum
404 3989 588 4054 oswaldum
620 3985 763 4050 AEnsridi
790 3985 923 4048 sratr'em
951 4007 993 4049 ex
1014 3986 1124 4066 Accba
1150 4009 1259 4053 sorore
1264 3991 1350 4088 J'am
1376 3989 1467 4054 dicti

300 4075 385 4161 regis
402 4077 544 4141 AEdwini
557 4071 768 4174 progenitum
785 4071 970 4148 suscitavit3
994 4071 1160 4161 ipsumque
1177 4073 1303 4138 eximiae
1326 4075 1466 4160 pietatis

302 4175 336 4228 et
358 4163 518 4248 religionis
534 4161 639 4225 virum
656 4157 810 4241 congredi
834 4181 907 4222 cum
926 4161 1096 4238 Caedwala,
1114 4185 1178 4224 non
1187 4161 1313 4261 ‘viribus
1330 4163 1383 4228 vel
1408 4187 1468 4228 ar-

298 4249 357 4316 mis
374 4264 510 4352 tantum,
528 4247 586 4311 sed
607 4243 824 4344 compatiendi
847 4246 980 4312 caritate
996 4261 1030 4312 et
1053 4247 1211 4349 oppressis
1228 4250 1463 4352 subveniendi,

293 4337 386 4424 ¹pia
378 4335 557 4412 intentione
584 4329 752 4422 disposuit.
800 4333 990 4398 Fraterna
982 4334 1080 4420 igitur
1103 4336 1247 4414 caritate,
1272 4357 1346 4424 quac
1370 4338 1470 4406 vinci

738 4515 751 4544 ὓ
775 4509 826 4561 Vel
838 4516 948 4578 excepta
960 4513 1020 4568 MS.
1094 4532 1098 4550 ι
