3132 5286
329 1443 616 1522 LIBELLUS
646 1443 722 1522 DE
755 1443 924 1538 ORTU,
952 1476 1038 1530 ure.

284 1917 402 2001 Incipit
423 1918 579 1997 Praefatio
605 1920 642 1982 de
665 1927 734 1984 ortu
757 1919 865 1986 Sancti
895 1921 1061 1987 concerti.

106 2121 193 2186 CUM
220 2141 278 2204 per
303 2142 403 2184 annos
428 2121 585 2206 plurimos
609 2141 737 2184 mecum
753 2120 911 2185 secrecius
927 2121 1101 2199 volverem,
1118 2120 1197 2208 quid
1217 2123 1260 2186 ad

105 2209 268 2273 honorem
284 2209 457 2273 venerandi
472 2208 572 2294 patris
587 2208 760 2272 Cutlrberti
776 2211 840 2274 stili
856 2212 1009 2274 memoria
1024 2224 1258 2294 perpetuarem,

105 2321 147 2363 eo
172 2296 284 2383 spiritu
307 2297 539 2362 vehementiori
562 2296 696 2361 efferbui
712 2321 777 2383 quo
793 2298 900 2386 aliqua
916 2298 1020 2363 altiori
1037 2298 1136 2386 digna
1152 2299 1257 2363 relatu

106 2387 251 2450 adiscere
276 2386 454 2471 concupivi.
515 2386 674 2470 Perplura
702 2388 820 2451 etenim
842 2388 1006 2465 miracula,
1033 2401 1168 2472 propter
1191 2391 1257 2475 ejus

107 2474 223 2539 merita
245 2475 411 2559 praeclara,
430 2474 495 2540 Dei
517 2473 663 2560 potentia
683 2473 715 2537 in
743 2475 928 2562 regionibus
944 2475 1078 2540 diversis
1094 2475 1256 2555 effecerat,

107 2586 180 2650 quac
197 2586 292 2628 nemo
308 2563 462 2628 hactenus
477 2564 603 2649 scriptis
617 2577 759 2641 exarata,
773 2564 937 2629 memoriae
951 2563 1153 2651 sequentium
1170 2587 1259 2630 com-

107 2652 269 2729 mendata,
296 2653 478 2738 reliquerat.
541 2651 624 2725 Quae
649 2652 835 2738 diligentius
860 2654 1064 2740 investigans,
1082 2665 1124 2731 et,
1142 2653 1183 2717 ab
1200 2656 1257 2733 eis,

106 2739 163 2825 qui
185 2764 224 2804 ea
246 2740 394 2804 viderant
418 2756 450 2804 et
473 2743 659 2815 intererant,
677 2739 846 2803 sollicicius
863 2765 901 2804 ea
917 2741 1102 2826 exploranS,
1120 2764 1258 2827 quaeque

106 2829 206 2911 digna
228 2828 334 2892 cordis
356 2827 530 2891 armariolo
554 2827 793 2902 recondebam3
821 2842 854 2890 et
877 2829 911 2890 in
936 2828 1091 2912 opuscula
1106 2828 1256 2913 quaedam

106 2917 252 2981 intexere
277 2917 509 3000 proponebam.
557 2914 610 2977 De
635 2915 750 2999 quibus
766 2929 940 3002 utcunque,
958 2916 1068 2980 libello
1094 2916 1255 2996 consecto,

106 3007 218 3068 amicis
242 3003 380 3068 ostendi.
428 3004 517 3066 Inter
539 3002 609 3065 haec
632 3002 716 3065 forte
740 3005 970 3088 opusculorum
987 3005 1093 3068 studia
1108 3005 1258 3090 quaedam

105 3091 372 3180 quaterniunculo
387 3091 419 3153 in
436 3091 582 3154 manibus
594 3090 717 3165 incidit,
735 3114 808 3178 quae
823 3092 1025 3156 nativitatem
1044 3093 1136 3156 Beati
1154 3093 1257 3156 Cuth-

106 3183 189 3245 berti
215 3181 246 3243 in
273 3180 456 3266 Hyberniae
472 3178 625 3264 partibus,
647 3180 737 3266 regio
754 3181 848 3244 simul
871 3194 902 3244 et
917 3203 1076 3268 generoso
1093 3181 1256 3267 quondam

105 3269 226 3333 semine
253 3289 477 3353 propagatam,
500 3269 668 3352 exposuit;
692 3279 725 3330 et
745 3269 882 3352 qualiter
897 3269 938 3332 ad
955 3269 1085 3352 Angliae
1102 3271 1183 3332 fines
1199 3292 1257 3354 ap-

103 3358 255 3444 plicuerit
283 3357 315 3418 in
343 3357 609 3441 subsequentibus
636 3357 712 3418 satis
743 3356 906 3419 evidenter
934 3357 1088 3432 ostendit.
1134 3357 1257 3420 Beatus

105 3447 226 3509 interea
253 3456 342 3529 pater
367 3445 577 3521 Cuthbertus,
596 3443 678 3506 votis
703 3443 855 3507 desiderii
879 3445 978 3508 nostri
993 3442 1202 3528 propiciatus
1221 3458 1257 3508 ut

104 3533 253 3611 arbitror,
281 3533 353 3617 pius
380 3532 505 3608 illuxit3
538 3531 613 3617 quia
636 3553 735 3594 sacrae
760 3531 920 3617 opinionis
946 3547 978 3596 et
1003 3533 1256 3595 conversationis

106 3627 209 3687 virum
238 3621 421 3707 Eugenium
448 3619 779 3683 Harundinonensem
806 3621 1004 3706 Episcopum
1028 3621 1069 3684 de
1088 3619 1256 3705 Hybernia

106 3723 217 3773 natum
240 3709 335 3773 nobis
359 3708 544 3785 transmisit,
561 3709 681 3793 quiea,
699 3731 771 3795 quae
788 3709 876 3794 prius
892 3709 931 3772 de
948 3723 1021 3774 ortu
1041 3709 1136 3773 Beati
1152 3707 1256 3772 Cuth-

106 3799 193 3862 berti
218 3820 476 3882 perceperamus,
504 3796 708 3861 testificando
729 3799 913 3873 roboravit3
938 3817 970 3862 et
996 3820 1061 3861 non
1077 3796 1165 3860 nulla
1182 3797 1254 3876 alia,

105 3887 148 3951 de
164 3885 278 3971 quibus
293 3899 389 3949 antea
400 3884 498 3948 nichil
513 3885 670 3963 novimus,
688 3887 780 3949 nobis
792 3887 950 3972 praeclara
965 3885 1126 3950 relacione
1141 3885 1256 3949 detex-

106 3977 141 4039 it.
191 3974 273 4038 Nam
301 3973 461 4038 verissime
485 3973 628 4036 illumin
646 3973 820 4060 Hybernia
834 3990 945 4039 natum
962 3975 1003 4038 de
1019 3972 1139 4036 semine
1154 3972 1256 4060 regali

105 4062 241 4126 asseruit
254 4086 262 4138 3
280 4077 312 4126 et
327 4061 389 4127 loci
405 4075 437 4125 et
453 4060 540 4125 urbis
556 4061 697 4136 nomina,
713 4064 746 4126 in
762 4064 878 4150 quibus
888 4076 982 4127 natus
993 4061 1063 4138 fuit,
1077 4058 1256 4124 evidentius

104 4173 202 4238 quarn
224 4152 329 4237 quivis
353 4149 486 4215 aliorum
511 4150 604 4213 nobis
628 4155 789 4234 exposuit.
836 4152 925 4214 Inter
941 4151 1003 4214 alia
1019 4171 1107 4226 ver0,
1125 4171 1198 4248 quae
1214 4148 1255 4212 de

107 4238 290 4304 Cuthberto
313 4252 424 4302 nostro
440 4261 531 4302 sacro
543 4261 562 4302 a
576 4237 731 4322 primaevo
746 4263 848 4324 puero
864 4239 1038 4323 peroravit,
1058 4237 1254 4302 Murradach

105 4350 215 4416 regem
231 4340 356 4412 patrem
379 4326 462 4390 illius
478 4327 581 4403 dixit3
606 4327 660 4413 qui
676 4350 732 4390 sua
747 4330 780 4392 in
797 4328 909 4392 diebus
926 4326 988 4392 illis
1002 4325 1165 4412 probitate
1181 4349 1254 4410 reg-

103 4439 182 4480 num
212 4417 311 4480 totius
336 4415 516 4502 Hyberniae
541 4439 607 4480 suae
634 4415 753 4480 dicioni
777 4439 836 4501 per
867 4429 1029 4502 sceptrum
1059 4414 1255 4480 monarchiae

102 4506 341 4591 subjugaverat,
358 4519 391 4568 et
416 4503 458 4567 de
481 4503 571 4588 cujus
596 4503 715 4568 viribus
741 4504 808 4569 sive
823 4503 972 4590 potentia
986 4504 1079 4590 plura
1093 4504 1127 4568 in
1142 4524 1254 4567 eorum
