3132 5286
735 504 829 556 VITA
857 503 997 556 senen

419 672 498 736 Post
514 691 602 734 mare
617 667 779 754 placatum
795 666 879 731 redit
893 666 935 730 ad
951 679 984 730 te
1000 665 1114 729 concio
1128 665 1283 732 fratrnmt

419 759 470 823 Te
486 757 579 821 nimis
596 755 759 833 afflictum,
777 755 834 820 sed
846 754 972 817 nullum
987 774 1114 818 sumere
1131 753 1250 820 victum

420 846 485 910 Per
494 844 588 930 spatii
600 855 727 907 tantum
740 841 886 930 queritur
898 840 958 906 tibi
972 841 1068 905 fletus
1080 855 1258 908 amantum.

418 932 506 997 Turn
522 931 580 997 tibi
595 930 745 996 substrati
761 943 909 1014 retegens
926 940 1100 992 stramenta
1115 930 1250 1013 grabati,

419 1020 571 1107 Quinque
585 1018 715 1105 quidem
732 1039 836 1104 caepas
853 1017 1036 1092 ostendens,
1054 1015 1124 1079 haec
1139 1017 1301 1084 referebas
1318 1041 1326 1083 t

423 1115 445 1152 ⁶⁶
463 1107 528 1172 Hic
543 1106 643 1185 cibus,
657 1106 708 1170 hic
724 1120 830 1191 potus,
849 1126 917 1170 sum
934 1114 1066 1191 gustans
1081 1104 1144 1168 ista
1158 1106 1289 1186 refotus,

421 1206 443 1238 ‘⁶
462 1195 546 1260 Cum
562 1196 631 1259 sitis
643 1195 781 1270 arderet,
798 1195 855 1257 sed
871 1205 904 1256 et
917 1215 953 1256 os
976 1191 1114 1256 sitiendo
1130 1191 1261 1276 rigeret,

420 1293 443 1325 ‘⁶
461 1282 674 1347 Corrodendo
689 1303 803 1367 parum
819 1303 913 1345 succo
929 1279 1097 1344 recreabar
1112 1281 1153 1344 ab
1170 1282 1295 1347 herum.

422 1380 443 1413 ⁶⁶
458 1370 527 1433 Vos
542 1369 653 1433 dulces
669 1369 747 1445 nati,
763 1369 877 1432 fratres
892 1370 925 1430 in
941 1389 1051 1430 amore
1067 1367 1206 1453 probati,

420 1467 441 1500 ‘⁶
459 1456 510 1520 Re
525 1456 624 1519 modo
639 1455 793 1540 perfecta,
811 1468 983 1541 properate
1000 1454 1139 1518 revisere
1155 1467 1241 1521 tecte
1250 1479 1259 1532 3

420 1555 441 1586 ‘⁶
461 1543 568 1608 Oretis
585 1565 645 1628 pro
661 1565 722 1619 me,
739 1544 892 1629 qnoniam
903 1543 971 1626 jam
981 1542 1116 1628 jamque
1132 1542 1200 1606 scio
1216 1565 1268 1608 me

420 1643 442 1673 ‘⁶
460 1632 607 1715 Corpore
622 1629 823 1708 solvendum,
837 1651 931 1714 spero
946 1649 1040 1714 super
1056 1641 1143 1693 astra
1158 1631 1339 1696 ferendum.

420 1728 442 1762 ⁶⁶
459 1718 550 1783 Hinc
564 1717 595 1780 in
611 1718 682 1782 luce
699 1718 764 1782 Dei
778 1717 884 1781 lucem
901 1718 1059 1802 superabo
1070 1716 1157 1782 diei:

420 1816 442 1849 ⁶⁶
457 1805 526 1870 Hic
541 1805 574 1867 in
589 1828 667 1890 pace
683 1807 769 1870 bona
784 1805 860 1869 vitae
876 1804 1015 1869 rutilabo
1031 1825 1172 1868 corona:

419 1901 441 1936 ⁶⁶
459 1893 557 1956 Hanc
573 1895 645 1977 pins
661 1892 714 1956 ille
730 1893 829 1968 dabit,
847 1892 901 1978 qui
916 1891 996 1955 nulli
1006 1891 1097 1973 justa
1111 1894 1263 1977 negabit3

420 1989 442 2023 ⁶⁶
459 1980 535 2043 Rex
550 1981 602 2043 cui
619 1980 748 2056 certavi,
766 1979 919 2067 milesque
934 1979 1040 2042 fidelis
1057 1980 1170 2044 amavi.

420 2076 441 2110 ‘⁶
458 2067 517 2131 Est
533 2089 594 2146 res,
606 2089 626 2130 o
638 2069 716 2145 nati,
734 2089 850 2152 precor
865 2068 948 2131 hanc
964 2067 1130 2131 concedite
1145 2067 1241 2153 patri,

419 2165 441 2197 ⁶⁶
457 2155 537 2220 Post
551 2177 680 2220 cursum
695 2157 770 2219 vitae
787 2178 837 2219 me
853 2154 974 2220 scilicet
989 2154 1042 2218 hic
1054 2154 1203 2238 sepelite:

422 2252 444 2285 ⁶⁶
461 2243 524 2307 Hic
541 2243 674 2327 sepelite
690 2260 774 2327 peto,
792 2265 856 2328 qua
871 2244 973 2307 mansi
985 2241 1083 2306 corde
1098 2247 1220 2327 quieto,

418 2340 440 2372 ⁶⁶
457 2331 533 2407 Qua
547 2331 643 2393 michi
659 2344 882 2416 compunctus,
900 2353 964 2417 qna
982 2329 1113 2394 Christo
1128 2343 1258 2415 pectore
1268 2329 1416 2413 junctus,

422 2427 443 2460 ‘⁶
462 2417 537 2492 Qua
551 2419 629 2481 flens
645 2420 838 2506 gaudebam,
856 2417 965 2482 sitiens
981 2418 1023 2482 ad
1038 2417 1158 2504 gaudia
1172 2419 1300 2496 flebam,

419 2513 440 2546 ⁶⁶
459 2505 534 2578 Qua
548 2505 687 2588 psalmos
703 2506 781 2584 dixi,
799 2506 944 2592 coeloque
959 2525 1017 2589 per
1031 2507 1139 2570 omnia
1154 2505 1221 2570 vixi
1234 2527 1242 2571 t

419 2593 550 2656 “Hinc
572 2613 699 2678 quoque
723 2607 796 2678 post
819 2615 950 2657 cursum
968 2594 1037 2676 jam
1060 2594 1156 2658 tollar
1170 2593 1212 2658 ad
1227 2593 1352 2658 aethera
1366 2614 1439 2658 sur·

507 2702 578 2744 sum
591 2703 616 2756 3·

421 2775 444 2811 ⁶⁶
461 2767 598 2851 Spiritus
613 2767 648 2831 in
660 2768 752 2845 coelo,
769 2789 846 2831 caro
864 2767 969 2832 Fame
984 2771 1128 2856 quiescat
1138 2769 1287 2835 anhelo.”

398 2856 502 2921 'Turn
518 2857 633 2920 fratres
646 2868 795 2932 moerent,
810 2869 968 2943 terraeque
983 2859 1108 2923 ruendo
1124 2856 1301 2933 cohaerent,

418 2944 664 3031 Deplorantque
680 2945 755 3009 satis
766 2945 834 3028 jam
850 2945 998 3029 proxima
1012 2946 1127 3010 funera
1142 2945 1241 3021 vatis3

419 3033 462 3095 Et
478 3032 708 3130 singultantum
720 3043 849 3095 resonat
862 3053 926 3094 vox
942 3034 1004 3097 ista
1019 3045 1218 3118 precantum.

419 3129 441 3162 “
458 3118 558 3195 Audi,
574 3130 684 3180 sancte
700 3129 803 3200 pater,
821 3120 896 3204 quia
911 3141 969 3182 nos
985 3120 1078 3184 dolor
1092 3119 1236 3204 implicat
1251 3131 1331 3194 ater,

418 3217 440 3249 ⁶⁶
457 3207 510 3270 De
525 3218 557 3269 te
568 3227 653 3268 nunc
664 3217 773 3269 certus
785 3227 843 3268 nos
860 3205 945 3282 audi,
963 3220 1082 3284 sancte,
1095 3209 1255 3284 misertuS,

418 3303 440 3338 ⁶⁶
454 3295 529 3360 Jam
544 3293 642 3358 modo
658 3292 803 3356 transibis
819 3295 874 3379 qui
892 3309 1082 3376 regnaturus
1095 3292 1207 3372 abibis,

419 3392 439 3426 ‘⁶
456 3382 550 3447 Coelo
565 3381 716 3458 victurus,
735 3381 790 3444 sed
806 3380 898 3444 nobis
915 3382 978 3446 heu
995 3385 1180 3448 moriturus.

417 3480 439 3513 ⁶‘
456 3469 545 3533 Hinc
560 3469 653 3532 simul
670 3490 807 3544 oramus,
825 3491 890 3553 quo
906 3470 1061 3553 respirare
1077 3492 1243 3556 queamus,

415 3567 437 3599 ⁶⁶
454 3557 555 3632 Quod
567 3554 682 3640 linquis
698 3569 802 3631 terrae,
820 3578 878 3618 nos
894 3558 1063 3621 nobiscum
1074 3560 1143 3620 sine
1158 3557 1262 3620 ferre:

417 3653 440 3688 ⁶⁶
457 3644 585 3712 Scilicet
600 3643 662 3706 hoc
679 3655 833 3719 sanctum,
847 3645 1019 3728 condigne,
1036 3666 1153 3729 corpus
1164 3641 1378 3708 humandum.

415 3742 437 3777 ‘⁶
459 3728 541 3795 Haec
556 3752 621 3793 non
638 3729 741 3792 Farne
754 3729 849 3794 dccet
864 3731 963 3796 terris
980 3745 1016 3795 ut
1030 3754 1166 3796 munera
1180 3731 1273 3796 celet.

416 3828 438 3861 ‘⁶
455 3818 531 3895 Res,
548 3816 657 3900 digne,
674 3816 808 3882 celebris
823 3841 891 3882 non
908 3832 961 3883 est
974 3819 1139 3883 credenda
1153 3819 1303 3884 tenebris.

417 3905 622 3991 Supplicibus
637 3903 755 3969 blande
769 3928 922 3991 responsa
936 3907 1045 3986 refers,
1062 3907 1253 3973 venerande.

416 4003 438 4038 ⁶⁶
458 3992 556 4067 Quod
569 3992 676 4078 petitis
693 3994 783 4057 vobis
798 3993 866 4058 fore
879 4017 945 4058 non
956 4017 1031 4060 reor
1045 3995 1123 4060 utile
1138 3994 1251 4059 vobis:

416 4091 439 4125 ⁶⁶
456 4081 510 4146 Ex
525 4082 587 4146 hoc
602 4095 752 4146 venturas
770 4082 858 4146 vobis
875 4105 937 4167 ego
952 4083 1088 4167 praescio
1104 4105 1213 4159 curas3

416 4171 536 4236 “Nam
546 4173 599 4258 jus
615 4171 782 4248 laedentes,
800 4170 956 4248 scelerati,
971 4170 1091 4259 quique
1101 4181 1264 4246 nocentes,

415 4268 437 4304 ‘⁶
454 4257 590 4346 Raptor,
605 4260 766 4346 perjurus,
783 4259 905 4343 proedo,
918 4259 980 4339 sur,
996 4260 1144 4347 latroque
1159 4259 1259 4324 durus

412 4356 435 4392 ‘⁶
450 4347 573 4438 Effugii
588 4348 700 4414 sedem
714 4346 776 4412 sibi
790 4347 894 4414 nostri
909 4348 1052 4434 corporis
1067 4348 1183 4427 edem,

412 4444 435 4484 ⁶⁶
449 4435 491 4503 Id
505 4437 533 4504 si
547 4436 715 4504 vobiscum
729 4435 855 4503 tumulo
868 4437 1066 4526 requieverit
1079 4437 1196 4524 ipsum,
