3132 5286
321 418 371 486 82
690 389 888 486 'sinuatus
913 432 966 484 na
993 432 1097 484 caru

321 595 410 681 sequi
426 594 604 682 fugientem
621 615 686 658 non
708 593 814 671 desiit,
831 615 999 680 quousque
1021 593 1127 678 ipsum
1144 591 1227 658 ultra
1241 591 1360 657 montis
1377 591 1477 655 verti-

320 703 391 748 cem
407 705 507 769 usque
523 681 556 745 in
573 681 688 746 vallem
713 682 911 767 praecipitem
928 703 1021 745 ruere
1037 680 1203 766 compulit.
1252 677 1352 746 Unde
1368 701 1475 764 usque

320 770 419 834 bodie
436 793 532 834 omne
556 791 667 834 nemus
692 793 734 834 ex
750 784 840 854 parte
853 768 984 834 australi
1009 792 1073 854 qua
1087 767 1217 851 fugatus
1233 765 1357 832 corruit
1378 767 1475 852 quasi

319 857 354 921 in
370 857 496 922 declivo
511 857 627 922 devexi
644 858 761 922 montis
774 858 921 941 pondere
934 856 1072 924 videtur.
1114 856 1204 922 Miro
1215 877 1293 920 vero
1304 855 1402 920 modo
1414 854 1475 918 ad-

322 946 386 1010 hue
421 945 553 1032 vestigia
583 943 897 1030 pedum,.viuelicet
928 964 993 1010 tam
1027 943 1136 1009 Sancti
1172 942 1344 1008 Cuthberti
1375 965 1474 1029 quam

321 1033 452 1110 diaboli,
480 1031 632 1098 hacteuus
649 1055 708 1118 per
727 1055 807 1098 saxa
826 1032 982 1117 impressa
1004 1031 1101 1096 fuisse
1128 1031 1286 1107 videntur,
1312 1052 1386 1118 quae
1413 1052 1476 1094 nec

321 1134 463 1186 vetustas
486 1123 641 1204 temporis
664 1120 767 1199 diluit,
785 1143 844 1184 nee
860 1139 953 1206 aquae
976 1119 1124 1202 pluvialis
1148 1117 1299 1205 usquein
1325 1140 1474 1203 praesens

321 1207 430 1272 delere
452 1208 621 1293 praevaluit
637 1231 646 1283 ;
670 1209 727 1272 sed
741 1207 910 1291 vestigium
930 1208 1040 1272 Sancti
1064 1206 1236 1273 Cutlrberti
1252 1205 1328 1270 satis
1344 1202 1475 1270 decenti

322 1296 430 1360 forma
445 1298 625 1380 praeminet,
642 1295 763 1360 diaboli
787 1319 862 1358 vero
878 1295 988 1371 latum,
1006 1295 1183 1370 incurvum,
1201 1315 1418 1382 magnumque
1443 1308 1476 1356 et

322 1383 504 1446 distortum.
550 1383 744 1482 Quicunque
761 1405 837 1446 vero
853 1383 972 1446 debilia
987 1405 1044 1448 sua
1060 1384 1203 1448 membra
1219 1383 1270 1446 vel
1286 1381 1476 1467 languentia

323 1491 420 1553 supra
437 1470 485 1533 vel
496 1468 578 1534 infra
594 1472 705 1536 Sancti
720 1469 891 1534 Cuthberti
904 1470 1038 1555 vestigia
1053 1471 1240 1556 impressere
1250 1469 1387 1534 salutem
1403 1491 1474 1553 per-

322 1570 489 1642 ceperunt.

630 1870 749 1951 [CAP.
767 1867 1164 1956 XXVI.]—Miracadum.

370 2097 448 2160 Post
465 2096 601 2160 multum
618 2118 695 2159 vero
712 2095 864 2180 temporis
885 2096 1004 2160 Beatus
1021 2097 1220 2161 Cuthbertus
1232 2119 1252 2160 a
1274 2097 1396 2160 linibus
1411 2095 1473 2161 illis

323 2183 472 2250 abcessit.
505 2185 613 2270 Hujus
629 2183 725 2267 igitur
741 2184 803 2247 loci
819 2207 928 2268 pacem
942 2185 1116 2267 infringere
1131 2208 1226 2248 nemo
1238 2184 1346 2261 audet,
1361 2207 1473 2271 quam-

322 2274 369 2336 vis
396 2273 478 2335 forte
499 2295 607 2355 regem
633 2271 682 2333 vel
706 2272 844 2356 aliquem
867 2274 1150 2356 praepotentiorem
1176 2287 1270 2336 terrae
1287 2273 1473 2356 peremisset

323 2374 355 2423 et
372 2359 434 2421 illic
448 2374 556 2442 posset
568 2360 719 2444 effugere.
748 2359 927 2446 Nullusque
938 2360 1077 2446 aliquam
1092 2359 1257 2424 mulierem
1272 2360 1327 2423 illo
1340 2359 1472 2444 impune

322 2446 514 2520 introduxit,
543 2445 618 2530 quia
647 2447 759 2508 beatus
790 2447 992 2510 Cutlrbertus
1021 2445 1206 2510 mulieribus
1237 2447 1470 2510 habitationum

324 2555 452 2596 suarum
471 2533 634 2594 introitum
653 2531 825 2596 interdixit.
862 2533 957 2606 Quod
970 2557 1077 2597 comes
1091 2534 1219 2620 quidam
1237 2534 1367 2610 Scotiae,
1384 2536 1471 2598 vide·
1550 2547 1551 2613 s

322 2621 397 2684 licet
416 2620 530 2684 Madet
547 2619 691 2684 Macerie
709 2619 797 2684 Mori
814 2619 846 2682 iu
864 2636 912 2683 est
924 2621 1009 2686 filius
1029 2621 1126 2697 Mori,
1141 2624 1370 2706 experimento
1388 2623 1470 2688 didi-

323 2708 392 2784 cit3
415 2711 492 2794 quia
506 2709 582 2770 dum
599 2708 739 2793 quodam
764 2722 909 2792 tempore
934 2732 1016 2794 opus
1032 2725 1247 2794 perpetrasset
1269 2709 1470 2794 puniendum

321 2813 436 2874 morte,
461 2796 545 2884 regis
575 2796 680 2861 David
705 2810 858 2879 tempore,
884 2796 939 2859 illo
965 2797 1119 2879 confligit,
1137 2813 1169 2860 et
1192 2797 1314 2862 diutius
1331 2801 1362 2862 in
1391 2820 1470 2883 pace
1549 2859 1550 2864 ,

320 2887 504 2969 permansit.
554 2883 735 2947 Novissime
753 2907 828 2946 vero
845 2907 978 2948 uxorem
996 2904 1029 2948 et
1045 2886 1125 2948 filias
1142 2885 1398 2961 illoiuuoduxit,
1415 2887 1469 2971 qui
1549 2887 1550 2903 ¹

321 2996 375 3035 eas
393 2973 600 3056 subsequens,
616 2971 690 3034 dum
705 2971 745 3034 ud
758 2971 883 3054 fastigia
896 2972 958 3034 loci
968 2972 1072 3036 aditus
1084 2971 1240 3057 pervenit,
1255 2996 1332 3037 mox
1344 2973 1376 3036 in
1389 2997 1469 3058 prte-

320 3081 395 3142 ceps
419 3059 534 3132 comit,
552 3074 584 3120 et
596 3079 709 3120 coxam
723 3081 807 3143 genu
823 3058 995 3144 tibiamque
1013 3076 1076 3124 tam
1095 3060 1198 3126 valide
1215 3060 1366 3124 contrivit
1382 3063 1467 3147 quod

320 3146 409 3210 nulla
425 3160 497 3228 post
514 3145 645 3208 modum
661 3159 729 3208 arte
744 3146 847 3208 curari
864 3148 1042 3229 praevaluit
1093 3148 1174 3212 Mox
1191 3147 1289 3234 igitur
1302 3150 1467 3214 mulierem

318 3233 437 3316 abegit,
462 3255 520 3295 uec
539 3255 625 3318 unqu
635 3255 677 3296 tm
691 3247 816 3315 postea,
833 3232 914 3297 sicut
926 3257 984 3298 nec
999 3234 1096 3317 prius,
1111 3236 1224 3298 mulier
1240 3236 1347 3322 aliqua
1362 3237 1468 3302 locum

318 3320 407 3384 illum
425 3320 542 3384 intrare
553 3319 767 3405 praesumpsit.
816 3320 853 3384 lu
869 3321 1030 3386 Pictorum
1046 3324 1162 3386 finibus
1176 3324 1295 3388 Beatus
1306 3324 1470 3390 Cutlrber-

320 3423 369 3473 tus
393 3409 467 3472 vitae
489 3407 639 3472 solitariae
655 3410 786 3472 colonus
799 3408 995 3494 aliquamdiu
1012 3410 1130 3488 extitit,
1146 3411 1198 3476 ubi
1220 3433 1397 3476 concursus
1413 3436 1468 3498 po-

318 3497 466 3583 pulorum
494 3497 533 3560 au
551 3495 654 3580 ipsum
679 3495 879 3560 invisendum
896 3499 1015 3563 multus
1038 3499 1223 3584 frequenter
1238 3500 1354 3578 suerat,
1383 3502 1466 3588 quia,

318 3584 382 3648 Dei
402 3582 505 3671 gratia
520 3584 722 3666 providente,
740 3583 848 3648 nullus
864 3608 980 3670 expers
996 3585 1227 3652 consolationis
1243 3589 1357 3670 gratiae
1370 3591 1414 3654 ab
1429 3613 1468 3654 eo

318 3675 459 3734 recessit.
509 3671 610 3734 Senes
633 3671 742 3756 itaque
765 3693 837 3734 eum
863 3672 1046 3756 junioribus
1070 3673 1110 3738 ad
1134 3674 1225 3739 illum
1247 3676 1467 3753 confluebant,
1547 3749 1548 3758 χ

319 3757 394 3845 quia
409 3758 492 3822 illius
508 3756 656 3846 alloquiis
673 3759 724 3822 vel
740 3758 921 3843 aspectibus
937 3763 1195 3846 congaudebant.
