3094 5292
336 399 382 465 le
780 416 872 465 vrrs
900 415 1038 464 oswrur

331 576 475 642 evanuit.
520 575 691 663 Jacuitque
714 599 773 660 per
794 577 896 640 multa
918 597 1075 640 annorum
1090 575 1248 642 curricula
1261 576 1358 661 gleba
1380 577 1477 644 sancti

328 662 471 747 corporis
495 665 555 728 sub
579 663 745 748 abjectiori
767 663 887 747 cespite
909 664 1076 741 tumulata,
1098 675 1131 728 et
1153 664 1315 751 usquead
1336 672 1478 750 tempora

332 749 459 814 Thostii
478 749 612 814 Comitis
629 764 662 814 et
678 749 851 834 AEgelwini
866 750 1010 834 praesulis
1028 750 1194 827 Dunelmi,
1211 750 1344 816 incuriae
1359 753 1477 837 pariter

326 848 361 900 et
383 835 575 924 ignorantiae
599 837 760 921 neglectu,
779 837 886 901 debiti
902 838 1110 902 veneratione
1126 851 1176 902 est
1192 838 1351 902 fraudata.
1401 839 1476 904 Erat

328 937 438 987 autem
463 923 617 988 Thestius
643 923 743 988 Ducis
771 924 896 988 Cantiae
923 924 1074 988 Godwini
1100 924 1197 1002 filius,
1226 926 1345 990 Comes
1371 925 1477 990 Nord·

327 1010 593 1096 thanymbrorum
609 1012 632 1074 S
655 1012 763 1074 wardo
782 1010 902 1076 Comiti
913 1011 1098 1089 succedens,
1109 1034 1174 1076 uon
1187 1012 1371 1076 testamenti
1382 1013 1478 1078 bene·

327 1097 413 1175 licio,
430 1099 489 1163 sed
508 1097 616 1162 Sancti
685 1097 733 1182 gis
743 1097 912 1162 AEdwardi
927 1099 1014 1162 douo
1032 1099 1136 1186 regio.
1174 1099 1280 1183 Hujus
1295 1099 1405 1186 itaque
1420 1100 1477 1164 viri

328 1185 525 1271 temporibus
548 1184 669 1268 placuit
688 1181 806 1248 divinae
821 1185 934 1270 pietati
954 1185 1063 1250 Sancti
1081 1185 1236 1272 Martyris
1252 1186 1402 1252 meritum
1419 1189 1476 1252 sub

328 1272 438 1336 modio
462 1271 651 1356 ignorantiae
677 1271 798 1335 diutius
822 1271 1057 1372 abpconditum,
1081 1273 1115 1336 in
1138 1274 1244 1338 lucem
1266 1273 1421 1358 proferre,
1446 1289 1478 1338 et

327 1359 522 1424 candelabro
538 1358 763 1422 ecclesiasticae
779 1359 903 1423 notittae
916 1360 1094 1443 imponere.
1129 1360 1208 1424 Erat
1224 1373 1333 1425 autem
1350 1360 1476 1425 edituus

325 1445 457 1532 quidam
473 1445 636 1530 praedictae
652 1445 797 1509 ecclesiae
813 1446 845 1509 in
888 1445 928 1509 ub
947 1446 1057 1510 Sancti
1075 1446 1174 1531 Regis
1190 1461 1224 1512 et
1242 1447 1397 1534 Martyris
1409 1471 1478 1512 cor-

326 1554 386 1617 pus
409 1532 576 1596 humatum
599 1531 707 1610 fuerit,
733 1469 1081 1610 nomineqlldmundus,
1100 1534 1148 1598 vir
1163 1533 1293 1620 quidem
1309 1535 1475 1623 religiosus

325 1633 361 1682 et
376 1618 554 1696 timoratus,
572 1619 742 1683 monachili
751 1620 818 1683 vitri
833 1619 1011 1709 insignitus
1029 1633 1063 1684 et
1078 1620 1190 1685 habitu
1207 1635 1243 1686 ut
1258 1621 1378 1705 legitur
1392 1623 1477 1686 redi-

325 1706 433 1785 mitus,
450 1707 557 1771 Cristo
573 1720 607 1769 et
623 1708 750 1771 Sanctae
759 1707 829 1791 ejus
842 1706 1007 1772 Genetrioi
1019 1707 1071 1772 die
1081 1729 1118 1772 ac
1130 1720 1226 1772 nocte
1237 1707 1315 1775 inibi
1331 1709 1477 1773 devotus.

329 1792 404 1856 Non
421 1807 490 1857 erat
506 1793 546 1856 de
562 1815 697 1876 corpore
713 1793 845 1878 alicujus
860 1794 1056 1871 monasterii,
1074 1817 1138 1864 non
1154 1793 1249 1858 titulo
1259 1795 1476 1880 professionis,

324 1880 465 1964 regulari
480 1879 647 1964 disciplina
669 1880 837 1956 astrictus3
862 1893 930 1945 erat
946 1895 1065 1958 tamen,
1083 1882 1144 1945 etsi
1159 1903 1224 1945 nou
1239 1881 1370 1967 publico
1388 1899 1475 1960 voto,

325 1967 506 2031 voluntario
529 1968 659 2054 quidem
683 1970 849 2051 proposito
872 1968 904 2030 in
927 1967 1028 2032 turbis
1044 1968 1231 2045 monachus,
1249 1967 1282 2032 in
1298 1969 1478 2056 frequenti&

324 2054 435 2139 populi
451 2053 620 2118 solitarius.
670 2053 734 2118 Hic
756 2067 852 2118 nocte
868 2055 1006 2141 quddam
1030 2077 1103 2118 cum
1121 2069 1193 2139 post
1208 2069 1381 2119 nocturnas
1397 2056 1478 2140 vigi-

324 2139 382 2205 lias
397 2141 430 2203 in
445 2140 578 2204 ecclesii
592 2142 704 2204 taxata
719 2142 863 2206 membra
885 2141 993 2225 sopori
1009 2141 1162 2218 dedisset,
1181 2142 1283 2206 astitit
1299 2143 1329 2206 ei
1345 2143 1393 2206 vir
1408 2143 1479 2230 qui-

325 2228 400 2292 dam
423 2227 539 2290 coloris
566 2223 675 2305 vividi,
705 2240 739 2292 et
765 2229 949 2292 inexhausti
972 2228 1102 2315 vigoris,
1120 2229 1244 2292 statura
1263 2250 1427 2314 procerus,
1445 2243 1479 2294 et

324 2313 445 2379 caelesti
459 2315 585 2398 fulgore
601 2315 731 2379 nitidus.
781 2315 887 2388 Quem
898 2315 1070 2400 diligenter
1082 2315 1219 2394 intuens,
1236 2329 1270 2379 et
1286 2318 1328 2380 ob
1341 2318 1478 2401 angelici

296 2453 298 2457 .
324 2400 431 2465 vultfis
453 2414 665 2489 magestatem
687 2401 756 2488 quis
780 2414 865 2465 esset
887 2402 1086 2488 interrogare
1109 2425 1175 2465 non
1197 2425 1404 2486 praesumeus,
1430 2405 1479 2468 vir

324 2487 487 2575 angelicus
525 2488 569 2552 sic
607 2511 683 2552 eum
719 2489 892 2587 alloquitur
922 2488 1041 2566 dicens,
1084 2489 1236 2554 “Frater
1274 2489 1475 2568 AEdnrunde,

324 2574 514 2638 AEdmunde
544 2575 682 2640 fraterl’'
745 2576 808 2639 Cur
838 2574 1044 2639 AEdmundus
1074 2598 1148 2640 cum
1178 2575 1266 2640 omui
1295 2579 1478 2642 reverentia
1540 2593 1541 2597 ’

237 2721 243 2732 ,
324 2663 501 2746 respoudit,
550 2661 667 2736 “Quis
691 2684 724 2726 es
748 2661 923 2726 domiueP''
971 2663 1080 2746 “Ego
1103 2665 1204 2740 sum,''
1221 2663 1253 2726 in
1276 2663 1334 2740 uit,
1362 2674 1385 2731 ‘.‘
1401 2665 1477 2730 Rex

328 2749 476 2814 Oswinus
506 2748 689 2833 proditione
722 2747 896 2813 Huuwaldi
929 2749 1064 2813 Comitis
1095 2751 1160 2812 mei
1190 2751 1230 2813 ab
1290 2750 1367 2814 swio
1396 2774 1477 2838 rege

286 2881 289 2887 -
324 2837 515 2900 detestanda
537 2859 617 2900 nece
639 2849 835 2920 peremptus,
861 2835 916 2922 qui
939 2836 971 2899 iu
993 2837 1053 2900 hac
1077 2836 1212 2901 ecclesia
1223 2836 1311 2921 jacio
1327 2839 1477 2904 omnibus

324 2922 516 3006 incognitus.
575 2924 714 3006 Surgens
741 2921 839 3006 igitur
862 2923 945 2987 vade
969 2936 1004 2988 et
1028 2923 1079 2987 dic
1107 2923 1252 3007 pontifici
1280 2923 1475 3008 AEgeluino‚

322 3009 473 3096 quatinus
498 3009 530 3073 in
553 3009 648 3093 hujus
664 3009 796 3073 oratorii
811 3010 995 3093 pavimento
1007 3011 1136 3095 glebam
1151 3010 1293 3094 corporis
1309 3010 1373 3074 mei
1385 3035 1478 3098 quae-

323 3110 392 3174 rat3
417 3110 450 3162 et
473 3097 638 3161 inventum
654 3095 771 3173 elevet,
796 3111 829 3160 et
852 3096 1016 3162 decentius
1035 3097 1131 3161 solito
1146 3096 1178 3159 in
1201 3096 1317 3162 eodem
1333 3100 1477 3164 oratorio

324 3185 510 3249 recollocet.
577 3182 667 3249 Assis
694 3183 793 3248 etiam
819 3197 852 3248 et
884 3196 930 3262 tu,
962 3207 1036 3249 cum
1065 3183 1218 3268 pontifice
1274 3184 1476 3250 uaesiturus.''

327 3272 453 3346 Quibus
469 3270 574 3347 dietis,
591 3270 757 3354 disparuit.
807 3271 1063 3356 Expergefactus
1078 3271 1186 3356 itaque
1204 3206 1422 3350 AEdmundus,
1440 3287 1477 3338 et

325 3359 366 3424 de
381 3358 502 3422 visione
518 3358 691 3422 admodum
706 3358 899 3436 laetificatus,
917 3358 1080 3423 residuum
1095 3357 1198 3422 noctis
1213 3357 1290 3441 vigil
1304 3357 1338 3420 in
1353 3359 1477 3426 oratio-

324 3469 401 3510 num
424 3459 458 3510 et
479 3445 655 3530 gratiarum
669 3445 795 3510 actione
818 3446 991 3530 transegit;
1014 3467 1211 3532 surgensque
1234 3467 1358 3509 summo
1381 3469 1478 3512 mane

323 3533 508 3619 pontificem
531 3532 747 3616 AEgelwinum
763 3533 909 3602 concitus
922 3532 1012 3609 adiit,
1031 3547 1064 3596 et
1080 3532 1209 3597 visionis
1223 3545 1342 3596 sanctoe
1357 3533 1477 3599 seriem

323 3622 412 3684 mera
423 3620 558 3684 veritate
574 3621 604 3684 ei
627 3643 670 3684 ex
688 3620 800 3685 ordine
815 3619 936 3684 retulit.
984 3619 1141 3683 Pontifex
1155 3641 1233 3684 vero
1247 3619 1358 3696 auditi
1372 3632 1477 3686 tantae

324 3707 518 3792 dignationis
538 3707 720 3786 dulcedine,
747 3707 843 3771 etad
870 3705 1066 3770 credendum
1089 3705 1311 3772 vehementius
1339 3719 1474 3786 tractus,

323 3794 487 3859 referentis
498 3797 575 3860 notb
585 3795 766 3872 sanctitate,
780 3793 932 3858 ineffabili
948 3793 1056 3881 gestiit
1068 3792 1197 3876 gaudio,
1212 3791 1286 3877 quia
1295 3814 1353 3857 suo
1364 3795 1477 3858 minis-

324 3882 406 3945 terio
420 3882 570 3967 dignatus
594 3895 642 3947 est
665 3881 860 3946 reverendus
881 3881 1016 3943 Sanctus
1035 3879 1110 3942 Rex
1125 3891 1159 3942 et
1176 3878 1304 3964 Martyr
1323 3879 1474 3946 Oswiuus

278 4042 281 4047 .
323 3969 423 4034 levari
444 3993 464 4034 a
486 3971 621 4034 tumulo
662 3967 833 4033 Comitissa
855 3987 932 4030 vero
947 3965 1075 4050 praefati
1092 3965 1227 4031 Comitis
1242 3989 1335 4044 uxor,
1352 3968 1477 4033 devota

325 4057 400 4121 Deo
425 4056 555 4135 famula,
572 4055 735 4121 mandavit
759 4052 846 4116 fideli
868 4075 926 4116 suo
948 4051 1263 4137 praesulisecretibs,
1280 4053 1428 4140 quatinus
1446 4057 1475 4120 si

325 4144 400 4209 Deo
409 4144 550 4209 donante
559 4141 700 4227 corporis
717 4139 827 4204 Sancti
840 4138 994 4226 Martyris
1010 4163 1085 4205 eum
1099 4140 1242 4205 invenire
1254 4140 1472 4228 contingeret,

322 4233 638 4318 quantulamcunque
660 4227 840 4312 portionem
862 4224 937 4292 iude
960 4250 1019 4314 pro
1037 4227 1263 4293 benedictione
1277 4243 1473 4307 reservaret,

323 4332 359 4382 ut
374 4319 449 4406 quia
464 4341 524 4402 pro
538 4339 596 4379 suo
606 4314 766 4380 desiderio
777 4337 925 4379 unacum
937 4315 1155 4401 aliispraesens
1167 4338 1237 4379 esse
1253 4328 1472 4402 conpotem,

321 4405 457 4471 haberet
483 4404 595 4470 saltem
621 4402 708 4490 quod
731 4425 790 4488 pro
815 4425 923 4470 amore
955 4403 1065 4470 Sancti
1091 4403 1300 4488 postmodum
1322 4407 1474 4470 venerari
