3094 5292
492 479 614 528 naurs.
630 480 850 530 urrunnun.
1196 467 1248 533 95

92 638 333 724 gratulabunda
348 638 389 702 ad
403 637 600 703 mansionem
617 640 685 726 quis
711 663 749 704 ue
766 663 856 705 suam
872 641 989 706 reverti
1004 642 1170 722 haberent,
1187 644 1247 707 hu-

85 725 233 812 jusmodi
248 724 438 790 miraculum
452 726 588 810 contigit
602 727 683 804 fieri,
702 751 719 789 a
738 729 830 792 nobis
849 739 1011 815 utcunque
1029 731 1246 796 referendum.

98 813 240 887 Quidam
254 811 353 896 igitur
367 811 529 896 indigena,
542 813 597 898 qui
613 826 646 878 et
662 814 728 898 ipse
740 815 783 878 ad
800 814 1009 880 festivitatem
1022 817 1246 884 devotissimus

93 900 280 976 advenerat,
298 900 431 963 domum
444 899 616 976 rediturus,
633 920 795 986 properat,
810 902 852 965 ad
867 903 973 966 locum
988 917 1107 986 praeter
1121 927 1247 970 monas-

96 986 212 1050 terium
227 985 425 1062 scilicet‚‚est
440 985 526 1048 enim
541 985 584 1049 ibi
599 987 746 1070 planities
761 988 868 1052 herbis
881 989 1054 1053 admodum
1066 991 1117 1054 vel
1131 993 1247 1056 floscu-

84 1073 134 1138 -lis
149 1073 235 1149 laeta,
248 1073 304 1136 ubi
320 1095 439 1158 equum
452 1094 545 1135 suum
561 1095 635 1136 curn
650 1073 718 1137 aliis
734 1087 918 1158 pascentem
934 1075 1108 1153 dimiserat,
1126 1078 1246 1142 eidem·

95 1183 158 1246 que
180 1159 356 1224 anteriores
371 1159 468 1242 pedes
485 1158 537 1246 (ut
560 1159 657 1222 moris
673 1161 738 1248 est)
763 1162 841 1225 torti
863 1162 1034 1226 viminibus
1056 1185 1097 1227 ne
1119 1164 1246 1250 longius

96 1246 281 1323 diverteret,
298 1246 434 1309 firmiter
459 1246 683 1330 praepedierat.
739 1247 849 1334 Equus
875 1271 951 1312 vero
978 1250 1056 1313 dum
1082 1251 1245 1317 uberiores

94 1333 210 1396 herbas
229 1332 369 1396 detonsis
385 1330 542 1416 prioribus
558 1332 651 1418 quasi
666 1332 825 1421 fugientes
842 1334 1045 1420 decerpendo
1064 1336 1156 1401 avide
1171 1360 1246 1422 pro-

94 1419 251 1506 sequitur,
272 1419 379 1483 subito
394 1418 459 1482 ruit
474 1418 515 1482 de
531 1419 674 1502 scopulo
724 1421 803 1485 Ruit
818 1421 948 1508 inquam
966 1423 1024 1486 sed
1039 1424 1170 1502 eruitur,
1187 1427 1245 1490 sed

95 1507 137 1570 de
152 1507 244 1568 ruina
254 1528 321 1570 non
331 1505 471 1568 laeditur.
499 1505 530 1569 Ο
541 1507 657 1569 mirum
667 1506 855 1572 miraculum
867 1509 874 1573 l
901 1507 1017 1595 Neque
1029 1510 1116 1574 euim
1128 1513 1246 1577 nminal

94 1593 175 1656 illud
189 1615 255 1657 non
267 1591 498 1678 solumaliqnid
509 1593 686 1676 pertulerat
695 1593 843 1672 laesiouis,
857 1617 969 1659 verum
984 1597 1082 1661 etiam
1096 1621 1244 1664 securum

90 1691 202 1763 gratos
218 1701 297 1764 quos
313 1677 440 1742 indocte
455 1678 625 1764 quaesierat
639 1692 759 1764 pastus,
777 1704 872 1765 supra
906 1682 1048 1754 uoddam
1064 1683 1160 1768 ipsius
1176 1705 1246 1750 sco-

95 1764 161 1850 puli
176 1765 296 1828 labium
311 1765 344 1827 in
358 1787 449 1829 mare
462 1779 659 1848 protensum,
677 1769 840 1851 carpebat.
886 1704 996 1840 dinem
1012 1792 1084 1832 cum
1097 1770 1245 1839 domiuus

92 1852 165 1936 ejus
188 1851 272 1915 inter
295 1851 372 1940 alios
395 1871 581 1936 pascentem
603 1851 730 1916 minime
753 1855 957 1938 repperisset,
982 1869 1045 1919 stat
1067 1859 1243 1937 attonitus3

95 1962 132 2003 ac
148 1937 330 2021 diligentius
349 1939 412 2002 huc
432 1938 571 2024 illucque
591 1939 755 2025 requirens
776 1940 887 2019 oculiS,
904 1941 996 2006 timet
1012 1965 1053 2006 ne
1068 1942 1150 2007 sorte
1166 1945 1244 2010 dum

92 2024 250 2109 colligatis
265 2024 401 2108 pedibus
416 2025 459 2089 ad
473 2024 603 2089 inferius
618 2041 788 2110 prospecta
799 2026 880 2091 male
893 2028 1102 2094 descenderet
1114 2053 1243 2114 pascua,

94 2114 200 2196 lapsus
211 2111 263 2174 ad.
272 2111 336 2175 ima
347 2111 492 2196 perisset.
535 2112 616 2174 Sunt
628 2135 765 2198 namque
777 2115 832 2191 ibi,
845 2127 882 2176 ut
893 2116 1106 2180 nescientibus
1117 2119 1243 2204 loquar,

66 2227 71 2231 ·
93 2198 217 2283 scopuli
240 2197 394 2275 altissimi,
414 2197 610 2262 horribiliter
631 2198 751 2262 ruinosi
774 2213 808 2263 et
830 2200 932 2264 ardui.
981 2203 1116 2266 Accedit
1132 2203 1240 2287 igitur,

93 2299 129 2349 et
145 2285 186 2348 ad
201 2285 310 2350 infima
329 2286 558 2348 tremebundus
573 2297 607 2347 et
626 2285 738 2348 anxius
754 2286 935 2370 speculator
949 2287 1137 2372 despiciens,
1154 2291 1244 2356 videt

91 2374 331 2458 equum-super
354 2371 473 2436 molem
493 2370 653 2457 quandam
676 2383 713 2435 ut
734 2373 873 2456 praemisi
894 2385 1042 2452 stantem,
1067 2387 1102 2439 et
1123 2377 1246 2442 nullam

93 2459 226 2522 omnino
245 2469 344 2522 tantae
362 2458 464 2521 ruinae
479 2480 608 2542 passum
621 2459 796 2523 laesionem.
846 2459 1015 2539 Quoviso,
1035 2461 1169 2528 miratur
1191 2487 1244 2529 ve-

96 2546 264 2609 hementer
285 2559 318 2608 et
334 2545 433 2621 dolet,
451 2543 563 2608 videns
579 2545 664 2610 euim
683 2547 924 2631 quadrupedem
941 2571 1034 2612 suum
1049 2551 1161 2634 procul
1176 2550 1194 2614 ὲ
1209 2574 1243 2617 se

96 2631 130 2694 in
153 2631 282 2696 immani
305 2630 484 2716 praecipitio
507 2631 694 2716 sepositum,
719 2633 895 2696 rehabendi
922 2633 1048 2718 penitirs
1067 2636 1243 2704 humanum

93 2719 245 2802 desperat
267 2717 433 2782 auxilium.
480 2717 565 2780 Mox
586 2717 685 2801 igitur
706 2719 843 2797 rediens,
867 2720 909 2784 ad
931 2743 965 2785 se
988 2721 1036 2784 vir
1055 2723 1131 2786 talia
1145 2724 1242 2789 fatur.

98 2815 121 2856 ‘-‘
132 2805 223 2869 Deus
234 2805 451 2889 omnipotens,
472 2804 546 2890 quia
561 2804 609 2868 tui
624 2804 720 2868 solius
739 2819 788 2869 est
803 2806 910 2869 omnia
928 2829 1031 2890 posse,
1048 2809 1148 2872 redde
1163 2811 1244 2874 mihi

93 2914 224 2977 equum,
244 2891 378 2956 restitue
394 2889 471 2953 mihi
484 2891 668 2974 jumentum
686 2893 822 2956 meum.'’
871 2892 915 2957 Et
933 2892 1104 2958 conversus
1117 2896 1160 2959 ad
1175 2919 1245 2960 mo-

96 2978 279 3054 nasterium,
301 2977 478 3042 vociferans
498 2977 567 3040 haec
590 2977 739 3054 dicebat3
766 2988 788 3020 “
804 2979 922 3042 Sancte
949 2980 1088 3059 Oswine,
1116 2981 1245 3069 Martyr-

97 3065 162 3128 Dei
185 3065 339 3149 preciose,
364 3085 511 3127 succurre
533 3063 611 3126 mihi
632 3064 740 3142 hodie,
765 3076 799 3128 et
821 3065 1009 3130 meritorum
1031 3080 1159 3135 tuorum
1178 3071 1244 3134 suf-

94 3151 340 3237 fragiis,equum
354 3166 462 3214 meum
477 3150 517 3214 ab
533 3150 602 3214 imis
614 3150 765 3230 revocab
775 3152 919 3236 periculo
930 3153 1041 3218 mortis
1051 3154 1243 3220 imminentis

94 3238 206 3302 libera.
244 3239 298 3302 Tu
313 3237 481 3323 siquidem,
502 3237 604 3302 Beate
618 3237 756 3324 Martyr‚
774 3261 851 3303 eum
860 3239 1083 3304 meritohabes
1095 3243 1243 3321 reddere,

94 3348 115 3389 a
131 3337 163 3389 te
184 3325 275 3390 illum
296 3324 435 3410 requiro,
457 3346 554 3410 quem
569 3325 611 3388 ad
629 3324 739 3388 limina
757 3338 815 3389 tua
832 3326 874 3388 ob
895 3327 1051 3390 honorem
1071 3331 1243 3411 geminatae

93 3411 218 3476 taetitiae
236 3410 445 3474 sollennitatis
464 3411 600 3475 devotus
619 3411 828 3474 adduxeram.
855 3411 919 3475 Fac
937 3411 1035 3496 igitur
1053 3427 1087 3477 et
1107 3416 1243 3479 extrahe

94 3498 313 3583 potentialiter
333 3519 469 3575 sursum,
488 3520 585 3582 quem
603 3510 727 3561 constat
751 3497 813 3560 tuis
833 3496 953 3560 meritis
968 3497 1053 3562 inter
1067 3501 1245 3584 pendentes

95 3585 244 3669 scopulos
259 3583 447 3648 mirabiliter
462 3605 531 3646 esse
543 3595 713 3647 retentum.
752 3583 916 3670 Alioquin,
929 3583 1025 3647 tristis
1037 3585 1134 3651 hodie
1147 3587 1242 3666 vade,

88 3673 161 3756 jam
172 3695 237 3736 nou
249 3671 394 3755 amplius,
406 3670 493 3757 quod
505 3670 561 3734 tud
569 3693 647 3756 pace
657 3670 805 3748 dixerim,
818 3671 860 3736 ad
871 3684 927 3735 tua
938 3670 1021 3736 festa
1029 3695 1243 3757 regressurum

95 3781 157 3826 nec
181 3759 320 3826 electum
343 3758 409 3822 Dei
435 3769 468 3822 te
493 3757 673 3844 Martyrem
700 3758 849 3842 deinceps
877 3757 1105 3842 professurus.”
1161 3762 1244 3827 Haee

95 3858 205 3910 autem
216 3845 272 3908 illo
293 3844 477 3928 simpliciter
495 3857 719 3931 prosequente,
740 3845 922 3910 videntibus
940 3846 1047 3910 multis
1063 3847 1118 3934 qui
1134 3848 1245 3912 audito

94 3956 137 3997 eo
148 3933 225 3996 illuc
240 3943 455 4008 accurrerant,
474 3944 509 3994 et
524 3955 609 4030 equo
624 3932 752 3996 funibus
772 3931 896 4016 injectis
911 3931 1030 3996 frustra
1045 3935 1177 3998 subveni
1197 3935 1245 3998 ni-

95 4021 260 4095 tebantur,
281 4041 382 4104 equus
402 4017 460 4082 'ille
481 4040 589 4082 nescio
612 4041 678 4104 quo
700 4018 854 4084 indicibili
876 4019 974 4082 modo
997 4022 1050 4084 vel
1068 4020 1191 4098 ordine,
1208 4033 1245 4084 ut

95 4121 166 4172 erat
181 4105 305 4170 vinctus
320 4105 429 4190 pedes,
446 4104 489 4169 ad
500 4105 664 4189 superiora
675 4119 853 4184 revocatus,
867 4118 900 4170 et
912 4105 1043 4173 domino
1057 4129 1116 4172 suo
1127 4106 1245 4170 illaesus

94 4193 241 4258 redditus
256 4205 324 4258 cst.
374 4192 449 4266 Quo
471 4203 613 4276 recepto,
637 4192 747 4256 laudes
770 4205 802 4258 et
825 4193 937 4277 gratiae
961 4193 1036 4260 Deo
1063 4195 1246 4282 Sancteque

97 4280 239 4366 Martyri
255 4281 296 4348 ab
312 4278 464 4346 universis
480 4278 741 4364 multiplicantur.
