3094 5292
310 477 360 547 32
754 493 1036 550 vrraoswrur,

314 655 387 739 Ego
402 653 485 720 enim
502 675 572 718 sum
598 653 670 719 Rex
693 666 726 717 et
751 653 879 740 Martyr
906 654 1063 730 Oswinus‚
1080 654 1135 740 qui
1159 653 1217 716 tibi
1240 652 1327 736 apud
1347 649 1450 716 Deum
1532 639 1534 654 Α

274 789 278 796 -
309 741 502 827 patrocinari
517 741 668 804 sufficio.’'
710 739 835 813 Quibus
851 741 955 818 dictis,
972 740 1087 804 mulier
1101 739 1237 804 insolitae
1252 738 1380 808 visionis
1395 740 1451 806 fuls

310 850 423 912 goram
439 829 494 894 vix
509 827 676 904 sustinens,
693 825 739 890 ita
754 827 813 891 sibi
831 850 908 892 voce
923 826 1059 913 quidem.
1071 826 1217 902 tremula,
1234 825 1452 911 flebilibusque

311 914 451 998 suspiriis
475 911 674 998 respondisse
698 913 879 977 videbatur.
926 923 948 955 ‘⁶
963 911 1098 976 Peccavi
1121 912 1249 974 domine
1272 911 1328 987 mi,
1353 911 1450 975 fateor

309 999 462 1084 peccavi3
486 999 636 1064 miserere
652 998 776 1064 ancillas
792 1013 857 1063 tuae
873 999 1090 1062 miserabilis.'’
1139 998 1183 1062 At
1198 997 1275 1061 illei
1301 1008 1323 1039 “
1333 998 1450 1061 Valde''

308 1086 414 1172 inquit
429 1096 450 1126 ‘⁴
460 1086 606 1170 displicet
615 1085 704 1163 mihi,
715 1085 775 1150 hoc
788 1085 970 1150 indiscretas
982 1083 1191 1170 simplicitatis
1204 1103 1269 1150 tuae
1279 1083 1453 1152 consilium.

311 1172 450 1239 Noveris
472 1172 570 1256 igitur
592 1172 668 1258 quia
682 1173 780 1244 modo
795 1171 926 1258 quidem
948 1194 990 1235 ne
1013 1193 1151 1261 usquam
1173 1168 1329 1247 morieris,
1346 1192 1452 1234 verum

309 1272 419 1323 tamen
442 1258 522 1322 dura
544 1258 708 1343 praeseutis
731 1258 889 1322 molestiae
911 1195 1037 1342 flagelli
1061 1256 1202 1341 patieris·
1234 1257 1332 1328 ,Cum
1349 1269 1452 1320 autem

311 1345 376 1412 Dei
402 1346 572 1410 clementii
597 1344 710 1409 melius
734 1345 853 1408 habere
877 1343 1022 1429 coeperis,
1040 1345 1113 1408 vide
1129 1356 1166 1406 nt
1181 1343 1223 1408 ad
1244 1343 1409 1406 ecclesiam
1422 1343 1452 1405 in
1533 1375 1534 1404 l

309 1433 373 1518 qui
388 1454 502 1516 corpus
512 1453 619 1496 meum
630 1431 801 1518 requiescit
810 1431 951 1508 veniens,
965 1444 1041 1496 ante
1053 1429 1226 1514 sepulturae
1241 1451 1323 1494 meae
1338 1429 1453 1506 locum,

310 1540 384 1582 cum
411 1517 585 1583 devotione
612 1530 742 1581 noctem
768 1540 811 1581 ex
837 1517 965 1606 integro
992 1517 1124 1605 vigiles3
1147 1517 1256 1602 ibique
1283 1515 1453 1600 plenariam
1533 1563 1534 1610 q

310 1604 452 1689 corporis
469 1605 516 1669 tui
531 1604 665 1688 recipies
681 1605 881 1668 sanitatem.”
923 1605 965 1668 Et
980 1603 1029 1666 his
1044 1603 1148 1681 dictis,
1166 1603 1184 1668 a
1200 1601 1371 1686 praesentiit
1385 1603 1456 1666 sub-

310 1691 394 1755 latus
415 1703 462 1755 est
485 1691 637 1755 mulieris.
684 1690 804 1762 Mulier
820 1713 896 1756 vero
911 1691 988 1754 dum
1002 1691 1095 1776 quasi
1117 1689 1160 1753 ad
1184 1689 1279 1752 Beati
1303 1689 1455 1774 Martyris
1533 1677 1534 1702 ¹

311 1777 551 1862 disparitionem
580 1778 658 1842 flens
687 1788 721 1841 et
747 1778 880 1861 ejulanS,
908 1777 1047 1863 qualiter
1069 1777 1101 1840 in
1124 1775 1241 1841 somnis
1268 1774 1340 1840 fieri
1365 1775 1454 1851 solet,
1533 1787 1534 1796 ¹

310 1864 451 1950 graviter
466 1864 698 1948 ingemisceret,
714 1864 910 1928 suscitaturi
926 1863 1064 1938 familitl3
1080 1877 1114 1928 et
1128 1863 1280 1948 quidnam
1295 1862 1456 1925 habuisset
1533 1857 1534 1870 ¹

310 1949 474 2037 requisita,
495 1950 594 2024 refert
613 1973 686 2036 quae
706 1951 840 2014 viderat.
869 2008 871 2016 ,
887 1951 992 2037 Igitur
1004 1951 1131 2014 evoluti
1156 1950 1281 2012 dierum
1295 1947 1456 2032 paucitate
1533 2003 1534 2036 ἶ

310 2037 393 2101 sicut
408 2037 563 2114 andierat,
581 2039 599 2100 a
618 2037 675 2102 sua
694 2037 918 2102 convalescens
935 2037 1120 2100 infirmitate
1136 2035 1246 2100 debita
1267 2047 1344 2100 vota
1362 2035 1457 2098 devo·
1533 2037 1534 2058 ³

308 2123 403 2187 tionis
429 2125 503 2188 Deo
523 2124 706 2208 Sanctaque
731 2123 870 2209 Martyri
891 2124 1075 2207 persolvere
1096 2121 1232 2199 studuit,
1250 2135 1283 2185 et
1297 2122 1330 2184 in
1346 2121 1457 2184 eidem

310 2207 406 2362 qupm
425 2211 563 2274 diximus
587 2210 661 2275 villa
683 2210 836 2294 plurimos
859 2223 971 2295 postea
988 2210 1063 2274 vitae
1078 2210 1146 2274 dies
1171 2222 1204 2274 et
1230 2207 1459 2274 incolumitatis

333 2320 352 2362 a
375 2309 433 2361 urt.

311 2556 410 2622 CAP.
427 2559 464 2621 X
466 2557 763 2635 VIIL-anmado
776 2560 898 2639 quidem
911 2559 1073 2637 presbiter
1087 2557 1108 2622 d
1124 2559 1238 2640 fetore,
1255 2577 1343 2638 quem
1357 2560 1461 2620 aonias

396 2646 556 2724 crp‘asdam
569 2646 721 2707 vulnerati
740 2647 935 2724 evaporabat,
951 2648 984 2706 ia
1000 2647 1208 2726 apti-mirarem
1224 2648 1350 2725 pariter
1362 2655 1392 2706 et
1403 2665 1461 2706 ca·

396 2734 519 2794 citatem
532 2733 652 2806 incidit,
669 2739 739 2794 ante
753 2732 978 2812 ey'aaferetram
993 2735 1093 2794 visam
1104 2740 1134 2795 et
1146 2735 1308 2794 sanitatem
1323 2733 1445 2810 recapit.

358 2902 500 2977 Quidam
519 2903 688 2986 presbiter,
709 2902 871 2967 Osbernus
891 2902 1029 2980 nomine,
1046 2903 1219 2988 aliquando
1238 2899 1348 2966 vicarii
1369 2901 1463 2965 func-

310 3002 362 3054 tus
378 3000 426 3053 est
441 2989 545 3052 officio
561 2989 593 3051 in
608 2989 743 3054 ecclesia
758 2989 799 3053 de
817 2989 1068 3075 Tynemudthi;
1092 3002 1126 3054 et
1140 3002 1254 3074 postea
1267 2989 1400 3073 capellae
1417 2988 1459 3051 de

313 3076 465 3140 Hortunit
488 3075 632 3139 minister
656 3076 776 3139 extitit.
824 3076 996 3159 Tempore⁴
1011 3076 1108 3160 igitur
1133 3076 1189 3140 illo
1211 3099 1276 3162 quo
1301 3075 1334 3140 in
1351 3075 1384 3138 T
1384 3097 1464 3160 yne-

310 3162 445 3226 mudthal
463 3161 572 3224 divina
591 3162 777 3238 celebravit,
799 3161 841 3226 ad
862 3163 1052 3226 visitandum
1071 3164 1233 3248 quendam
1252 3163 1294 3226 de
1315 3161 1465 3247 parochi·
1533 3205 1534 3238 ,

317 3251 384 3313 anis
407 3248 471 3312 suis
494 3261 590 3332 caput
613 3249 712 3312 laetali
733 3248 865 3314 vnlnere
880 3249 1011 3326 fossum,
1028 3249 1081 3314 die
1097 3249 1405 3334 quadamaccessiu
1431 3261 1465 3312 et
1533 3241 1534 3314 i

315 3335 457 3400 residens
473 3347 547 3400 ante
563 3336 766 3400 vulneratum
780 3335 836 3398 vix
851 3335 999 3400 ultimum
1018 3336 1162 3420 spiritum
1178 3337 1371 3414 trahentem,
1411 3336 1467 3398 uia
1533 3391 1534 3396 ,

316 3421 442 3508 corpori
466 3446 531 3486 non
556 3423 674 3508 potuit,
701 3425 817 3488 ammae
843 3423 956 3487 saltem
982 3424 1106 3488 mederi
1132 3424 1265 3489 studuit.
1314 3423 1358 3486 Et
1385 3357 1468 3486 dum
1533 3431 1534 3496 ζ

314 3533 495 3574 sermonem
506 3509 761 3576 exhortatorium
773 3511 814 3574 de
829 3510 1018 3575 confitendis
1033 3509 1172 3594 peccatis
1183 3511 1226 3576 ad
1241 3533 1314 3575 eum
1329 3510 1468 3586 faceret,
1533 3517 1534 3570 ἴ

318 3620 392 3662 ecce
408 3597 463 3683 qui
479 3597 592 3661 vulnus
610 3597 749 3681 primum
768 3597 939 3675 inflixerat,
956 3596 1039 3662 furia
1055 3611 1164 3662 vectus
1180 3598 1327 3674 accurrit,
1345 3610 1379 3660 et
1399 3596 1471 3680 gla·
1533 3611 1534 3614 ’

318 3683 383 3761 din,
400 3706 497 3769 quern
512 3683 658 3747 strictum
673 3695 706 3746 et
718 3685 922 3766 evaginatum
933 3685 1077 3762 tenebat,
1093 3685 1205 3750 vulnus
1220 3684 1252 3748 in
1268 3685 1353 3748 idem
1364 3683 1471 3766 gemi-
1533 3701 1534 3750 ἕ

317 3769 424 3845 navit3
441 3782 475 3834 et
490 3791 549 3834 nec
566 3770 675 3834 Deum
689 3769 812 3846 timens,
826 3792 885 3834 nec
894 3793 1045 3835 reverens
1056 3771 1231 3850 hominem,
1248 3771 1281 3834 in
1292 3770 1471 3855 praesentia
1533 3839 1534 3852 χ

319 3857 493 3921 sacerdotis
513 3856 689 3934 assidentis,
707 3867 846 3920 mortem
863 3857 998 3942 urgebat
1022 3859 1198 3922 morientis.
1246 3858 1330 3921 Mox
1353 3879 1472 3941 recep·

318 3943 400 4007 toria
411 3943 535 4008 cerebri
547 3943 744 4027 testibruptal,
756 3943 879 4010 fumum
892 3946 1096 4009 tenebrosum
1108 3959 1142 4010 et
1156 3945 1306 4010 foetorem
1318 3943 1474 4008 tabidum
1533 3939 1534 3968 ³

316 4030 449 4114 largiter
475 4029 590 4108 emisit,
623 4044 668 4095 et,
683 4031 814 4096 Osberti
840 4032 949 4096 oculos
979 4032 1191 4096 incontinenti
1213 4032 1303 4118 quasi
1325 4031 1473 4118 quidam
1533 4047 1534 4082 1

318 4117 471 4181 caecitatis
486 4119 617 4204 squama
632 4117 768 4202 operuit,
786 4130 820 4182 et
832 4118 915 4182 inter
930 4132 1064 4182 caeteros
1080 4141 1190 4184 sensns
1201 4119 1269 4203 ejus
1280 4118 1474 4182 intolerabi-
1533 4169 1534 4172 η

317 4204 381 4267 lem
406 4205 547 4269 exalavit
570 4206 818 4289 corruptionem,
840 4205 983 4274 omnium
1005 4203 1087 4290 pene
1111 4228 1261 4272 sensuum
1285 4204 1475 4269 destituens
1533 4241 1534 4254 κ

318 4290 434 4356 officio·
482 4292 664 4358 Astantiunr
680 4314 757 4356 vero
773 4293 866 4358 turba
881 4293 992 4356 videns
1008 4305 1042 4356 et
1057 4293 1242 4370 condolens,
1258 4292 1337 4356 dure
1353 4291 1479 4356 deten-
1533 4333 1534 4360 t

316 4389 386 4442 tum
397 4379 480 4464 rapit
495 4380 706 4455 sacerdotem,
720 4390 754 4442 et
769 4379 835 4442 aeri
850 4391 1002 4463 corrupto
1011 4380 1213 4457 subtrahens,
1227 4379 1347 4466 quanti
1357 4380 1478 4462 potuit
1533 4379 1534 4416 l

318 4465 482 4533 celeritate
498 4467 540 4534 ad
557 4465 678 4553 proprii
693 4464 823 4550 hospitii
838 4465 941 4532 defert
956 4465 1124 4543 officinam.
1174 4467 1242 4539 Ubi
1261 4467 1326 4532 tria
1339 4467 1479 4532 dierum
1533 4509 1534 4570 t
