3094 5292
314 453 363 525 a6
648 453 659 474 '¹
759 471 854 526 vrrs
880 476 1022 527 oswntr

311 723 412 788 CAP.
437 723 618 789 XlL—De
643 726 744 788 uuita
766 726 948 810 cepriucdinc
971 725 1133 805 mumdum
1150 725 1284 808 famuli,
1311 745 1405 808 qucum
1427 737 1463 791 ec

390 815 629 962 mmmmm
646 821 817 886 merrom
832 812 1062 895 wicram
1078 813 1213 898 perque
1232 815 1461 877 ηιενίιαειῖεα-

358 1069 415 1134 Est
430 1069 528 1136 etiarn
546 1070 634 1135 aliud
648 1070 809 1135 laudabile
828 1069 1027 1148 miraculum,
1050 1070 1139 1158 quod
1154 1069 1269 1136 eodem
1284 1069 1458 1151 referente,

308 1155 341 1220 in
361 1179 427 1244 quo
449 1157 502 1222 vel
522 1157 563 1222 de
584 1180 649 1244 quo
673 1171 751 1221 tunc
766 1179 825 1241 per
844 1157 983 1221 Beatum
1001 1157 1126 1242 Regem
1144 1171 1178 1221 et
1201 1157 1380 1242 Martyrem
1401 1158 1461 1223 Os-

309 1243 426 1308 winum
435 1244 556 1308 factum
565 1257 625 1322 est,
637 1266 748 1308 verum
760 1267 829 1308 esse
842 1243 986 1310 dicimus.
1013 1244 1148 1309 Postera
1159 1265 1296 1330 namque
1305 1244 1461 1309 festivita·

308 1330 348 1394 tis
364 1330 579 1395 translationis
592 1331 657 1409 die,
670 1330 835 1394 venientes
848 1330 914 1394 duo
924 1329 1035 1394 famuli
1049 1330 1090 1394 ad
1101 1331 1208 1394 locum
1220 1330 1274 1395 ubi
1285 1330 1317 1393 in
1329 1331 1461 1418 antiqua

207 1449 222 1460 -
313 1417 449 1482 Sanctus
464 1430 653 1502 pausaverat
669 1416 835 1482 ecclesiola
849 1417 890 1480 de
905 1417 1144 1503 Tynemudtha,
1156 1418 1292 1502 jubente
1305 1417 1415 1482 edituo
1427 1431 1460 1482 et

307 1516 514 1588 cooperante,
527 1503 681 1590 quasdam
697 1503 818 1587 ligneas
830 1504 994 1567 columnas
1009 1519 1175 1587 asportare
1194 1504 1368 1581 debebant,
1385 1527 1459 1590 quae

307 1591 464 1675 preciosae
477 1590 660 1678 margaritae
671 1589 766 1654 dulce
781 1589 906 1674 pondus
922 1603 1190 1654 sustentaverant.
1224 1591 1370 1677 Cumque
1382 1591 1459 1655 Fra-

307 1691 359 1740 ter
381 1677 434 1741 ille
458 1691 490 1741 et
513 1676 665 1754 famulus,
689 1676 745 1762 qui
767 1688 846 1740 natu
860 1677 963 1761 major
983 1698 1052 1740 esse
1072 1676 1252 1754 videbatur,
1272 1677 1458 1761 suppliciter

308 1764 463 1842 orassent,
485 1763 635 1850 quatinus
650 1763 683 1827 id
706 1763 811 1847 operis
833 1762 928 1850 digne
944 1776 979 1826 et
993 1763 1113 1849 absque
1135 1763 1252 1827 laboris
1270 1766 1456 1847 gravamine

307 1851 462 1936 perlicere
480 1864 622 1935 possent,
646 1849 826 1923 accedunt;
848 1871 955 1933 genua
976 1849 1153 1927 flectentes,
1177 1862 1211 1913 et
1229 1871 1289 1934 pro
1306 1850 1455 1937 Martyre

307 1935 381 2001 loco
395 1936 455 2022 ipsi
469 1936 683 2001 reverentiam
698 1935 899 2000 exhibentes.
940 1935 1034 1999 Alter
1049 1958 1126 2000 vero
1140 1935 1277 2000 famulus
1289 1935 1459 2002 indiscrete

308 2045 418 2107 agens,
435 2035 472 2086 ut
487 2023 604 2088 assolet
619 2022 674 2086 illa
688 2034 778 2100 aetas,
796 2035 866 2086 erat
881 2021 967 2086 enim
980 2021 1101 2106 junior,
1118 2023 1390 2108 quemadmodum
1405 2024 1461 2088 alii

307 2111 462 2187 fecerant,
479 2109 657 2194 supplicare
673 2131 711 2173 ac
731 2108 894 2173 humiliter
909 2131 964 2172 eos
985 2109 1178 2192 coadjuvare
1194 2109 1350 2197 neglexit.
1395 2113 1461 2175 Ar·

307 2209 402 2282 repto
417 2196 525 2283 itaque
539 2195 627 2281 ligno
646 2209 805 2281 terraeque
820 2195 914 2259 altius
930 2195 1059 2272 infosso,
1080 2217 1274 2280 praesumens
1290 2197 1330 2260 de
1347 2197 1375 2259 v'
1422 2220 1459 2261 re

307 2285 438 2368 proprio
453 2284 665 2348 irreverenter
678 2283 860 2366 jocabatur,
877 2293 911 2346 et
926 2282 1002 2345 satis
1016 2282 1173 2346 incassum
1189 2220 1460 2348 absumereffie-

308 2370 408 2434 tando
434 2371 623 2434 conabatur.
673 2368 745 2432 Nec
767 2391 879 2432 mora:
903 2368 1160 2452 praesumptionis
1184 2391 1251 2434 suae
1273 2369 1460 2454 percellitur

307 2457 415 2542 poena,
436 2456 541 2520 subita
561 2455 646 2520 enim
666 2454 842 2518 valitudine
866 2466 981 2531 tactus,
1004 2454 1125 2518 corruit
1144 2455 1177 2518 in
1200 2468 1329 2533 terram,
1347 2455 1459 2520 dicens

307 2566 342 2608 se
365 2542 406 2607 ad
428 2556 565 2606 mortem
589 2540 752 2617 infirmari,
777 2563 837 2604 nec
854 2541 924 2624 jam
945 2539 1079 2624 amplius
1102 2563 1196 2626 posse
1219 2542 1355 2626 operari.
1412 2543 1459 2607 Et

308 2629 448 2693 adiciens
467 2628 644 2694 astantibus
659 2627 757 2713 loqui,
774 2636 796 2668 “
807 2625 955 2708 merito,’'
971 2626 1084 2713 inquit,
1104 2628 1192 2692 “hoc
1207 2628 1323 2713 patior,
1341 2641 1458 2714 utpote

307 2729 522 2802 praesumptor
543 2714 689 2791 insulsus,
714 2713 901 2800 nullumque
921 2714 1042 2778 Sancto
1062 2713 1202 2800 Martyri
1223 2716 1381 2780 honorem
1400 2717 1460 2780 de-

307 2803 423 2868 ferens.
473 2802 571 2867 Unde
591 2802 639 2879 fit,
656 2813 693 2864 ut
713 2813 864 2885 tanquam
886 2800 1002 2864 malleo
1021 2800 1161 2864 frontem
1182 2824 1349 2887 percussus
1368 2803 1459 2868 sica-

306 2890 374 2975 pite
400 2911 501 2976 usque
523 2889 566 2954 ad
587 2888 698 2972 pedes,
724 2901 830 2951 totum
852 2908 967 2972 corpus
990 2886 1175 2951 miserabilis
1202 2888 1340 2954 doleam.
1389 2890 1459 2954 Sed

308 2989 399 3041 orate
422 2999 533 3062 quaeso
558 2974 648 3050 mihi,
673 2974 886 3058 supplicantes
910 2973 985 3038 Deo
1011 2987 1046 3037 et
1076 2973 1194 3039 Sancto
1223 2974 1362 3061 Martyri
1385 2976 1457 3060 ejus

312 3063 452 3138 Oswino,
468 3076 505 3130 ut
519 3060 709 3144 insipientiae
724 3081 806 3122 meae
817 3059 921 3136 venia,
938 3073 973 3123 et
987 3059 1113 3143 corpori
1137 3061 1254 3125 sanitas
1266 3062 1458 3127 tribuatur.''

309 3148 475 3212 Fratribus
492 3148 601 3233 itaque
619 3168 679 3230 pro
699 3168 740 3209 eo
756 3145 866 3209 Deum
890 3158 923 3210 et
944 3145 1117 3231 gloriosum
1141 3147 1321 3234 Martyrem
1341 3148 1458 3233 depre-

307 3235 464 3311 cantibus,
481 3235 578 3298 homo
590 3233 643 3297 ille
658 3245 793 3317 paterno
803 3246 965 3297 correctus
976 3232 1104 3316 flagello
1120 3255 1192 3297 cum
1204 3234 1341 3299 lacrimis
1352 3237 1458 3320 poeni-

307 3335 388 3396 tens,
406 3321 475 3405 ipsa
491 3321 544 3384 die
565 3332 694 3385 sanatus
712 3331 772 3396 est,
793 3332 826 3382 et
847 3341 920 3384 cum
942 3319 1012 3384 aliis
1032 3340 1168 3403 operans
1183 3343 1264 3405 opus
1279 3324 1458 3408 incoeptum

306 3408 455 3476 alacriter
470 3406 592 3492 exegit.

307 3673 408 3738 CAP.
424 3673 729 3752 XIII.-Qucnwdo
749 3673 891 3754 qaedam
901 3673 1028 3752 semina
1042 3671 1192 3734 Dunelmi
1204 3673 1307 3752 ‹rffieia
1319 3677 1456 3738 omnium

392 3763 592 3824 cumbrorum
613 3762 728 3822 dectrae
745 3760 851 3836 partis
867 3777 928 3838 per
941 3777 1009 3821 cam
1023 3760 1178 3838 receperit,
1194 3779 1263 3840 quae
1276 3780 1314 3823 ea
1330 3763 1456 3824 diutina

392 3849 571 3931 difirmitate
581 3849 675 3927 prius
688 3846 845 3906 amiserat.

354 4019 509 4108 Sequenti
524 4039 602 4080 vero
621 4037 715 4092 anno,
731 4013 881 4100 quaedam
902 4013 1031 4094 femina,
1047 4038 1122 4102 quaa
1147 4017 1181 4080 in
1205 4018 1359 4083 Dunelmi
1375 4019 1453 4084 eivi-

306 4119 373 4172 tate
388 4106 496 4170 multis
512 4125 668 4168 annorum
683 4100 846 4166 curriculis
862 4101 1025 4179 mansisse,
1042 4116 1076 4167 et
1091 4105 1132 4167 ab
1148 4105 1291 4169 omnium
1305 4107 1452 4171 dexterae

304 4196 405 4279 partis
427 4192 643 4256 membrorum
667 4188 772 4254 officio
794 4187 981 4252 destitutam
1004 4188 1101 4253 fuisse
1123 4191 1312 4270 dinoscitur,
1328 4193 1451 4258 meritis

310 4279 419 4344 Sancti
446 4278 544 4363 Regis
560 4291 592 4341 et
611 4276 765 4362 Martyris
791 4275 911 4340 Oswini
930 4277 971 4339 ab
986 4276 1173 4342 infirmitate
1192 4280 1249 4342 sub
1264 4279 1321 4344 tali
1336 4281 1452 4344 ordine

304 4367 440 4430 liberata
459 4380 517 4430 est.
565 4364 659 4428 Licet
678 4363 764 4427 enim
779 4362 894 4448 oculos
909 4361 985 4425 satis
1000 4373 1134 4444 vegetos
1149 4386 1187 4428 ac
1202 4364 1286 4430 clare
1303 4366 1451 4431 videntes

305 4455 425 4519 habere
439 4454 612 4530 videretur,
624 4450 716 4514 unius
729 4461 837 4514 tamen
846 4447 965 4512 lumine
978 4448 1108 4513 omnino
1119 4450 1253 4534 privata,
1263 4452 1362 4518 nichil
1374 4453 1451 4518 inde
