3094 5292
299 360 352 438 xit
782 379 967 435 amaron.

399 593 436 660 Q.
469 582 551 658 The
578 588 662 657 alst
689 584 760 658 and
788 584 888 658 ssssnd
920 583 1099 684 Chapters
1118 581 1160 657 of
1175 582 1236 657 the
1253 581 1319 656 dth
1342 579 1444 656 Book

449 710 491 784 of
516 707 651 784 Bede’s
673 707 944 783 Ecclesiastical
966 709 1130 808 History.

398 843 434 910 3.
469 835 590 910 Seven
622 836 725 909 other
756 836 935 936 chapters‚
971 837 1012 909 of
1042 834 1157 909 which
1181 834 1244 908 the
1273 845 1341 908 two
1372 833 1446 908 first

447 962 657 1037 mentioned
676 987 736 1035 are
755 962 897 1061 printed
916 963 950 1035 in
971 961 1033 1035 the
1050 961 1161 1036 Acvn
1183 960 1442 1046 Snucronun,

452 1085 592 1173 March,
618 1086 702 1161 Vol.
727 1085 1015 1176 111.,1a7‚&c.,
1032 1087 1103 1159 and
1122 1086 1183 1160 the
1199 1086 1392 1160 substance
1410 1085 1452 1159 of

447 1212 508 1286 the
535 1211 753 1310 concluding
778 1212 847 1286 five
867 1237 948 1310 may
966 1214 1012 1287 be
1030 1212 1144 1286 found
1163 1212 1198 1284 in
1225 1211 1395 1309 Symeon.

350 1337 463 1414 Their
481 1339 578 1412 titles
598 1363 709 1412 are—

447 1471 482 1538 1.
514 1461 708 1549 Quomodo
723 1462 759 1535 in
772 1463 951 1561 peregrini
963 1461 1087 1536 habitu
1098 1488 1119 1536 a
1130 1462 1292 1535 ministro
1308 1460 1445 1534 Elsredi

496 1613 629 1687 panem
657 1587 810 1662 divisum
829 1591 982 1688 accepit·
1004 1589 1066 1688 qui
1085 1599 1215 1689 postea
1233 1588 1374 1684 integer
1392 1587 1444 1660 in-

496 1726 628 1788 ventus
657 1727 734 1788 est:
763 1726 800 1787 et
832 1715 1015 1813 quomodo
1048 1714 1146 1788 idem
1177 1712 1347 1787 Elfredus
1366 1713 1445 1812 ipso

496 1840 688 1934 adjuvante
702 1865 768 1913 rex
788 1839 940 1914 effectus
959 1849 1026 1913 est.

325 1994 342 2024 “
356 1990 434 2050 Deus
448 1991 624 2069 omnipotens
635 1990 711 2070 juste
725 1991 1040 2048 nrisericors”--——“
1050 1989 1198 2068 praevahrit
1212 1988 1430 2048 nrolinrinibus.”

445 2144 481 2212 ⁶2.
515 2137 710 2224 Quomodo
729 2149 946 2237 tempestate
965 2149 1043 2212 orta
1062 2148 1134 2212 tres
1154 2138 1260 2211 undae
1274 2138 1310 2210 in
1326 2136 1446 2211 navim

495 2265 530 2336 in
562 2290 634 2362 qua
662 2290 794 2364 corpus
826 2266 904 2364 ejus
931 2264 1179 2339 abducebatur
1206 2264 1380 2337 cadentes
1408 2262 1445 2335 in

493 2391 706 2484 sanguinem
725 2391 1036 2463 convertebantur.

430 2543 447 2572 “
462 2539 519 2596 Per
533 2538 658 2616 ejusdem
672 2559 780 2617 quoque
794 2538 1152 2616 pcr·seouti0nis”-——“
1163 2534 1303 2592 continuis

772 2640 959 2698 deola1·atur.’'
1036 2677 1047 2689 -

442 2776 478 2844 3.
512 2769 707 2857 Quomodo
734 2793 899 2868 paganus
927 2768 1074 2868 quidam
1094 2767 1270 2842 vocabulo
1293 2765 1445 2842 Onalaf-
1527 2793 1528 2802 ¹

492 2897 550 2970 bal
578 2896 665 2969 dum
685 2906 809 2968 contra
832 2893 905 2968 Dei
925 2894 1169 2968 consessorem
1188 2893 1354 2992 injuriam
1369 2892 1448 2965 dix-

491 3021 579 3094 isset
597 3021 633 3092 in
653 3021 816 3118 ingressu
834 3020 997 3094 ecclesiae
1015 3020 1177 3095 confixus
1196 3019 1382 3095 interierit.

449 3175 465 3202 ‘⁴
482 3168 628 3226 Ordinatis
641 3168 742 3226 deinde
756 3167 1040 3224 omnibus''-———“
1055 3170 1284 3244 presumebant.''

437 3330 474 3396 4.
507 3321 702 3408 Quomodo
729 3319 846 3394 Scotti
865 3322 927 3421 qui
946 3332 1074 3396 terram
1100 3323 1225 3400 Sancti
1244 3323 1441 3398 Cuthberti
1524 3303 1525 3322 Χ

489 3459 526 3524 et
569 3448 868 3522 Lindisfarnense
908 3450 1167 3524 monasterium
1205 3461 1448 3550 pervaserant
1523 3457 1524 3501 ³

371 3663 373 3668 Ι
491 3572 611 3648 subito
626 3583 728 3647 terrae
745 3571 845 3647 hiatu
865 3573 1000 3648 obsorti
1019 3586 1115 3648 sunt.
1522 3621 1523 3675 p

545 3729 562 3756 “
578 3722 723 3800 Scriptum
737 3731 781 3780 ost
794 3723 1031 3779 ibunt'’--—“
1046 3725 1181 3800 abyron.”

439 3891 474 3954 5.
508 3879 702 3965 Quomodo
729 3880 832 3952 miles
859 3877 1014 3950 Comitis
1038 3876 1158 3951 Tostii
1177 3879 1325 3955 nomine
1350 3879 1444 3956 Bar·

491 4003 590 4078 cuith
620 4003 705 4076 dum
730 4004 860 4101 januas
888 4003 1097 4076 monasterii
1131 4004 1210 4103 ejus
1245 4006 1445 4108 infringere
1519 4065 1520 4088 t

488 4130 588 4230 cupit
606 4129 725 4204 subito
744 4152 937 4227 percussus
956 4126 1143 4203 interierit.

461 4287 478 4315 “
493 4280 557 4339 Neo
571 4279 701 4340 silentio’'
941 4282 959 4311 “
974 4278 1061 4337 semel
1074 4279 1261 4339 audivimus.’'
