3094 5292
280 445 301 508 8
725 459 819 508 vira
847 459 985 508 oswnrr

281 622 376 687 causi
389 643 466 697 esse,
480 619 543 683 suis
559 619 664 704 petius
680 642 777 707 quam
788 619 847 685 sibi
862 619 1035 706 parcendo,
1052 619 1105 706 pie
1120 624 1300 702 consulens,
1315 623 1359 688 sic
1375 645 1430 689 eos

281 709 465 795 alloquitur.
505 717 528 748 “
541 709 761 791 Congratulor
776 709 917 794 quidem,
936 733 956 773 o
970 709 1113 773 fidissimi
1129 711 1287 796 principes
1303 726 1337 775 et
1352 725 1433 776 stre·
1459 761 1463 770 .

281 795 424 860 nuissimi
439 794 568 873 milites,
582 807 698 860 vestrae
714 795 835 860 militiae
850 808 884 859 et
898 795 1063 880 probitati,
1081 812 1115 860 et
1129 799 1248 882 gratias
1264 821 1326 883 ago
1337 800 1432 864 bonae

282 905 361 966 erga
375 905 427 947 me
445 883 559 946 vestrae
576 882 744 946 voluntati.
791 883 855 947 Sed
871 882 954 947 absit
971 883 988 947 i
1003 907 1064 961 me,
1082 895 1119 947 ut
1133 885 1197 951 mei
1213 887 1309 950 solius
1325 887 1431 963 causa,

282 969 361 1034 belli
372 969 541 1035 discrimen
550 967 727 1056 periculose
740 970 869 1055 quidem
879 993 991 1036 omnes
1001 971 1180 1052 incurratis,
1192 974 1247 1060 qui
1258 995 1311 1038 me
1323 996 1434 1060 quam·

282 1080 381 1142 quam
400 1058 474 1142 jure
490 1057 667 1133 dominum,
683 1077 859 1140 pauperem
874 1070 983 1122 tamen
1007 1071 1040 1122 et
1062 1060 1192 1124 exulem
1216 1083 1327 1145 regem
1343 1061 1433 1125 vobis

283 1143 504 1209 constituistis.
551 1143 644 1207 Malo
663 1143 772 1230 itaque
791 1143 874 1207 sicut
892 1145 1049 1210 hactenus
1069 1147 1124 1210 ubi
1143 1148 1199 1211 ubi
1218 1170 1292 1212 cum
1311 1147 1431 1233 paucis,

284 1233 335 1295 vel
356 1232 453 1308 solus,
475 1231 628 1304 exulare3
649 1230 747 1293 immo
769 1230 877 1314 potius
896 1231 997 1321 diligo
1016 1232 1108 1312 mori,
1129 1257 1227 1321 quam
1250 1257 1306 1299 vos
1328 1247 1378 1298 tot
1400 1247 1433 1300 et

278 1320 363 1400 'tales
384 1319 446 1383 mei
463 1318 559 1382 solius
578 1318 673 1381 eausa
692 1319 857 1402 contingat
877 1341 1011 1405 quoquo
1026 1321 1124 1384 modo
1138 1321 1323 1406 periclitari.
1373 1323 1434 1386 Im-

283 1407 354 1490 pius
373 1405 459 1470 enim
479 1417 511 1469 et
531 1404 722 1468 inhumanus
744 1417 802 1482 est,
821 1404 965 1490 quicum
982 1407 1046 1470 Dei
1057 1407 1216 1491 judicium
1232 1408 1321 1472 nullo
1336 1409 1433 1472 modo

284 1494 385 1576 possit
404 1505 561 1569 avertere,
579 1492 686 1577 plures
706 1491 754 1554 sui
774 1493 870 1555 causa
888 1505 1024 1558 conatur
1043 1508 1200 1560 evertere.
1250 1495 1360 1570 Quare
1374 1518 1435 1580 ego

284 1579 424 1645 divinam
436 1601 593 1663 superma
606 1578 796 1642 sententiam
808 1578 970 1662 pacificus,
980 1603 1044 1644 non
1054 1582 1285 1666 belligerando,
1298 1582 1436 1648 libenter

286 1669 492 1752 amplectens,
513 1687 586 1730 cum
601 1683 660 1750 per
675 1688 711 1729 os
730 1665 840 1728 Sancti
855 1665 1014 1750 pontificis
1034 1669 1161 1754 Aydani
1176 1691 1234 1754 per
1249 1669 1435 1754 martyrium

286 1756 329 1820 ad
348 1755 484 1820 caelestis
498 1753 618 1836 gaudia
631 1751 722 1835 regni
738 1773 789 1815 me
803 1753 1011 1817 transiturum
1026 1777 1177 1838 agnosco,
1194 1779 1259 1843 quo
1275 1756 1387 1820 ordine
1403 1770 1436 1819 et

287 1859 433 1926 tempore
456 1841 579 1905 Cristus
598 1838 746 1917 voluerit,
767 1839 864 1903 vitam
886 1843 1096 1923 temporalem
1111 1844 1203 1908 finire
1223 1865 1288 1906 non
1311 1865 1436 1908 recuso.

292 1929 455 2013 Scriptum
474 1927 593 2013 quippe
613 1938 674 2003 est,
698 1926 912 1990 “Constituit
933 1927 1092 1992 Dominus
1113 1931 1265 1994 terminos
1285 1934 1365 2018 ejus,
1382 1929 1437 2017 qni

286 2014 445 2101 praeteriri
464 2036 528 2077 non
550 2024 703 2096 poterunt
714 2015 742 2075 :''
767 2013 864 2077 Unde
884 2026 982 2098 poeta
1001 2016 1096 2095 canit,
1120 2019 1230 2082 “Stat
1249 2040 1307 2080 sua
1320 2017 1436 2102 cuique

288 2102 386 2166 dies.'’
434 2100 542 2166 Nemo
554 2099 639 2166 diem
652 2100 762 2164 mortis
775 2100 948 2186 anticipare
961 2104 1058 2167 valet.
1106 2104 1256 2168 Praeterit
1271 2116 1304 2169 et
1320 2103 1436 2180 nullus,

289 2190 346 2253 sed
365 2190 476 2276 qudvis
496 2188 565 2275 quis
585 2189 664 2264 obit,
687 2187 804 2251 dicitur
823 2211 893 2252 esse
913 2192 1000 2260 sufiss’
1053 2188 1171 2255 Videns
1190 2204 1300 2255 autem
1314 2190 1440 2255 exerci-

289 2293 339 2340 tus
360 2276 555 2341 Sanctissimi
570 2276 618 2340 sui
638 2275 734 2358 Regis
750 2287 783 2338 et
800 2275 919 2338 domini
936 2290 1075 2341 mentem
1088 2277 1105 2341 ir
1116 2279 1283 2363 proposito
1294 2277 1439 2342 revocari

288 2387 351 2428 non
369 2387 473 2448 posse,
490 2363 566 2448 quin
582 2362 711 2427 dissolvi
725 2376 855 2445 cuperet
868 2376 986 2427 etcum
1002 2365 1109 2430 Cristo
1122 2365 1240 2441 vivere,
1255 2366 1322 2429 alto
1334 2365 1439 2429 cordis

288 2452 420 2517 vulnere
440 2450 571 2514 sauciati
590 2449 785 2514 unanimiter
806 2450 873 2532 ejus
889 2452 1023 2533 genibus
1040 2453 1282 2535 provolvuntur,
1300 2452 1377 2516 talia
1392 2451 1441 2514 di-

287 2552 407 2614 centes,
433 2538 586 2600 Sanctum
606 2558 678 2599 cum
700 2535 827 2598 fletibus
848 2550 951 2600 orant.
999 2538 1066 2601 “O
1085 2561 1143 2601 rex
1160 2537 1299 2622 insignis,
1318 2561 1338 2602 ο
1354 2539 1438 2622 regis
1531 2579 1532 2592 .

288 2623 418 2692 nornine
451 2624 576 2711 dignus,
608 2623 700 2686 nobis
728 2621 866 2706 indignis
893 2625 1031 2709 petimus
1058 2647 1142 2688 nunc
1172 2639 1243 2689 esto
1268 2625 1439 2710 benignus.

246 2779 248 2783 ,
289 2711 446 2804 Nunquid
471 2733 528 2774 nos
554 2711 685 2795 ignavos
709 2721 765 2773 aut
787 2710 962 2794 degeneres
986 2712 1157 2796 aliquando
1178 2713 1375 2796 repperisti?
1398 2734 1440 2776 an

288 2799 492 2884 apparuimus
511 2798 628 2862 alicubi
648 2797 680 2860 in
699 2797 850 2860 conflictu
869 2798 986 2861 bellico
1001 2799 1185 2864 tardiores?
1208 2800 1350 2863 hostium
1365 2821 1440 2884 pro·

288 2887 376 2951 fecto
396 2909 516 2951 cuneos
536 2885 649 2961 securi,
667 2905 811 2968 persoepe
829 2885 1077 2968 penetravimus.
1125 2886 1238 2950 Liceat
1254 2909 1333 2971 ergo
1347 2885 1440 2949 nobis

290 2997 362 3038 cum
386 2973 530 3037 hostibus
559 2973 705 3036 instantis
730 2971 911 3034 certaminis
939 2972 1019 3037 inire
1044 2973 1238 3051 conflictum,
1267 2987 1301 3038 et
1327 2973 1359 3036 in
1383 2995 1441 3037 ora

290 3061 389 3144 gladii
411 3082 572 3145 perversae
595 3058 699 3123 aetatis
718 3056 825 3120 rimari
841 3057 962 3123 viscera
980 3060 1085 3136 ferr03
1108 3060 1133 3122 si
1148 3061 1283 3124 fortasse
1298 3059 1391 3124 nobis
1406 3059 1441 3122 in

290 3147 400 3233 pugni
426 3144 550 3209 sinistre
574 3145 716 3222 cesserit,
741 3144 853 3207 melius
878 3158 926 3208 est
947 3148 1040 3210 nobis
1063 3148 1145 3211 mori
1168 3148 1199 3210 in
1225 3148 1323 3224 bello,
1346 3169 1444 3234 quam

291 3235 378 3321 apud
397 3234 510 3317 vulgus
530 3232 651 3296 domini
670 3232 849 3296 desertores
868 3232 902 3295 in
923 3236 1094 3318 proverbio
1109 3234 1274 3313 cantitari.¹
1316 3234 1350 3298 Si
1366 3255 1445 3298 vero
1530 3281 1531 3290 .

292 3324 403 3406 fugam
423 3321 509 3385 inire'
532 3319 700 3404 delegeris,
728 3319 947 3402 degenerabis.
1001 3322 1035 3386 Si
1057 3344 1115 3384 nos
1140 3322 1240 3386 dereli
1263 3321 1357 3399 ueris,
1383 3343 1445 3384 nos

291 3426 444 3498 tanquam
459 3407 506 3471 rei
522 3407 697 3492 majestatis
709 3406 940 3491 proscriptione
952 3408 1185 3473 damnabimur.
1226 3345 1321 3472 rinno
1333 3418 1445 3471 autem

217 3515 220 3523 “
289 3497 367 3586 quia
382 3497 469 3560 salva
484 3507 558 3560 sunt
571 3495 632 3559 tibi
647 3493 779 3579 praemia
794 3505 860 3572 tua,
877 3494 909 3558 in
924 3498 987 3561 hoc
1002 3495 1101 3559 nostri
1117 3496 1254 3580 petimus
1267 3493 1446 3560 miserearis
1530 3561 1531 3582 1

293 3587 411 3650 nenos
431 3583 588 3646 deseras.”
638 3582 773 3646 Sanctus
793 3582 835 3646 ad
853 3582 934 3648 haec.
981 3583 1047 3648 “O
1068 3582 1357 3664 fidissimi‘milites,
1377 3604 1447 3645 vcs-

293 3691 353 3738 trae
369 3671 499 3757 quidem
515 3667 668 3754 probitati
683 3670 898 3754 congratulor,
912 3681 1067 3756 qnantum
1082 3693 1139 3733 vos
1151 3671 1251 3734 fortes
1264 3670 1295 3732 in
1308 3669 1395 3733 bello
1411 3681 1447 3732 et
1470 3697 1480 3710 ·

292 3757 527 3822 strenuissimos
543 3777 687 3841 persaepe
702 3757 817 3840 reperi,
836 3768 869 3821 et
884 3757 981 3820 nichil
997 3769 1046 3820 est
1061 3756 1092 3819 in
1109 3758 1199 3820 vobis
1216 3754 1374 3820 tarditatis
1387 3769 1446 3818 aut

293 3845 429 3932 ignaviae
445 3844 532 3931 quod
545 3843 645 3928 possit
661 3857 717 3908 aut
732 3844 851 3909 debeat
866 3843 1069 3928 reprehendi.
1111 3843 1177 3907 Sed
1192 3865 1248 3906 vos
1265 3843 1364 3906 hostis
1379 3865 1448 3907 uon

292 3932 507 4019 persequitur.
561 3931 632 4016 Ego
660 3954 728 3997 sum
755 3953 853 3995 causa
879 3929 1080 3994 discriminis.
1132 3931 1275 4016 Expedit
1301 3953 1380 4015 ergo
1408 3943 1447 3993 ut

292 4043 375 4085 unus
394 4019 550 4084 moriatur
567 4041 627 4104 pro
642 4019 773 4104 populo,
796 4018 890 4103 qudm
912 4029 947 4080 ut
965 4018 1103 4101 populus
1118 4029 1219 4082 tantae
1234 4016 1448 4080 multitudinis

291 4109 438 4172 deleatur
459 4128 519 4191 pro
541 4130 627 4172 uno:
651 4104 828 4190 praesertim
844 4126 918 4167 cum
938 4105 1016 4167 mihi
1039 4104 1162 4169 scierim
1182 4105 1365 4170 mercedem
1380 4104 1450 4188 ple-

291 4203 367 4259 'nam
382 4217 451 4258 esse
465 4194 649 4280 repositam,
663 4213 813 4255 eoronam
828 4191 951 4256 scilicet
966 4192 1121 4277 martyrii,
1133 4215 1226 4280 quam
1240 4191 1318 4256 mihi
1329 4191 1449 4254 reddet

292 4283 326 4346 in
338 4281 468 4347 instanti
481 4281 655 4346 certamine
666 4281 771 4363 justus
782 4279 898 4362 judex.
948 4279 1034 4353 Quia
1048 4280 1146 4364 igitur
1163 4280 1227 4344 Dei
1243 4279 1452 4364 providentia
1529 4315 1530 4354 ῃ

293 4370 327 4432 in
349 4369 396 4434 sui
419 4368 628 4454 dispositione
650 4387 714 4428 non
737 4364 869 4445 fallitur,
895 4368 985 4432 Deus
1004 4368 1091 4454 qnod
1112 4367 1224 4431 statuit
1239 4367 1359 4443 deme,
1378 4365 1449 4428 sine
1529 4369 1530 4442 3

293 4480 345 4522 me
364 4457 521 4524 deliberat
541 4455 617 4539 ipse.
666 4451 752 4518 Nolo
772 4451 869 4539 ipsius
890 4455 1046 4520 voluntati
1062 4454 1260 4542 aliquatenus
1274 4452 1448 4530 contraire,
1529 4449 1530 4528 i
