3094 5292
529 476 640 542 naurs
667 489 888 540 nmnouunr.
1233 473 1282 540 23

132 649 234 716 Unde
256 650 300 715 ad
322 649 575 735 indignationem
597 663 704 716 motus
728 671 795 716 non
820 649 991 729 modicam,
1016 650 1198 735 Anglornm
1221 673 1281 716 rex

127 737 354 816 ferocissimus,
377 752 574 826 congregato
595 738 863 816 exercitu,'venit
877 737 920 802 ad
936 737 1068 801 Novum
1089 738 1277 817 Castellum,

128 825 218 909 quod
230 847 329 909 super
340 825 466 911 Tynam
481 825 614 889 fluvium
630 825 725 888 situm
741 839 801 890 est.
850 824 954 890 Scotti
968 824 1086 911 quippe
1102 825 1281 890 universam

131 909 470 998 Nordthaymbrorum
478 912 673 996 provinciam
682 911 837 976 vastando
848 924 1066 996 peragrantes,
1081 911 1280 976 Dunelmum

128 1010 304 1074 venerant3
325 1011 358 1062 et
377 1021 450 1062 cum
468 1021 534 1063 non
553 1011 637 1064 esset
658 998 713 1084 qui
732 998 905 1075 resisteret,
925 1020 990 1062 non
1008 999 1153 1083 pepercit
1168 999 1279 1063 oculus

127 1106 242 1148 eorum
267 1084 322 1149 ulli
353 1085 445 1150 sexui
464 1086 516 1149 vel
535 1085 731 1149 conditioni:
755 1085 811 1148 sed
831 1085 1000 1150 audientes
1019 1107 1130 1168 regem
1152 1085 1280 1170 Angliae

127 1171 315 1248 adventare,
327 1171 415 1260 fugae
429 1172 579 1256 praesidio
593 1172 714 1236 animas
729 1193 801 1236 suas
816 1171 1006 1256 satagebant
1021 1171 1154 1236 salvere.
1202 1171 1278 1236 Rex

125 1256 237 1343 itaque
251 1272 289 1321 ut
305 1258 426 1322 dictum
441 1271 501 1336 est,
518 1259 630 1324 videus
643 1257 729 1322 mala
744 1281 816 1346 quae
832 1280 899 1322 suae
914 1258 1003 1343 genti
1021 1258 1206 1336 intulerant,
1225 1281 1280 1323 ve-

126 1344 311 1408 hementius
326 1345 472 1422 indoluit,
490 1359 523 1409 et
538 1368 594 1410 eos
605 1345 731 1432 insequi
743 1345 827 1408 otius
838 1345 1035 1430 properavit.
1075 1344 1184 1409 Naves
1200 1367 1278 1409 vero

125 1451 263 1495 numero
276 1431 505 1518 quinquaginta
523 1453 601 1520 quas
620 1433 706 1516 apud
716 1431 881 1496 Occiduos
900 1432 1023 1519 Anglos
1045 1431 1176 1496 triticeis
1195 1453 1279 1498 mer·

126 1518 217 1581 cibus
230 1530 370 1595 onustas,
387 1518 528 1582 Scotiam
540 1518 634 1603 dirigi
649 1531 859 1603 praeeperat,
877 1517 909 1581 in
923 1518 1013 1583 brevi
1028 1518 1061 1580 in
1076 1518 1159 1583 ostio
1173 1519 1278 1604 Tynae

127 1603 269 1668 fluminis
292 1604 526 1689 applicuerunt.
575 1604 646 1669 Viri
667 1616 777 1670 autem
800 1605 856 1691 qni
880 1605 1015 1668 navibus
1041 1605 1176 1683 inerant,
1203 1605 1279 1692 quia

126 1712 205 1774 rege
215 1691 437 1775 proficiscente
446 1714 511 1755 non
522 1703 592 1755 erat
602 1693 657 1778 qui
666 1715 722 1756 eos
734 1691 911 1769 cohiberet,
923 1691 1089 1775 regionem
1101 1692 1278 1777 praedando

125 1790 336 1860 percurrunt;
361 1801 421 1842 nec
445 1778 539 1842 rebus
566 1777 599 1841 in
621 1778 773 1863 praesidio
801 1777 910 1843 Sancti
940 1778 1039 1862 Regis
1063 1791 1097 1842 et
1123 1778 1277 1864 Martyris

130 1863 251 1928 Oswini
267 1864 420 1949 depositis
436 1878 582 1950 parcunt.
621 1864 780 1939 Quaedam
794 1864 913 1952 quippe
928 1865 1046 1942 vetula,
1062 1888 1136 1951 quaa
1148 1887 1277 1949 gressus

125 1950 226 2014 aniles
246 1951 364 2014 baculo
381 1953 592 2030 sustentabat,
614 1952 711 2016 telam
729 1951 888 2015 modicam
912 1964 1072 2029 texuerat,
1094 1967 1127 2017 et
1149 1974 1277 2016 omnem

126 2055 218 2120 spem
237 2059 353 2100 annuae
368 2037 574 2101 exhibitionis
589 2038 649 2102 sibi
665 2038 698 2102 in
714 2039 753 2102 ed
767 2038 986 2102 constituerat.
1043 2039 1137 2103 Hanc
1153 2038 1182 2103 ei
1200 2061 1279 2102 nau·

126 2123 209 2186 ticus
229 2124 340 2207 praedo
355 2125 397 2188 de
412 2125 557 2187 manibus
573 2138 717 2208 ereptam
732 2125 875 2202 abstulit,
892 2139 926 2188 et
944 2125 1018 2188 navi
1034 2148 1142 2189 secum
1157 2125 1276 2188 intulit.

128 2209 215 2283 Quae
230 2211 310 2273 flens
326 2224 359 2275 et
374 2211 505 2296 ejulans,
519 2212 561 2274 ob
572 2209 787 2275 reverentiam
804 2211 913 2274 Sancti
928 2211 1060 2274 Patroni
1076 2212 1124 2274 sui
1143 2211 1274 2289 Oswini,

125 2296 187 2359 sibi
201 2297 294 2361 reddi
309 2297 406 2361 telam
418 2319 508 2360 suam
522 2297 624 2361 multa
637 2319 732 2381 prece
748 2310 782 2360 et
792 2296 1025 2361 miserabilibus
1034 2297 1170 2362 lacrimis
1182 2319 1277 2384 roga·

126 2383 193 2458 vit3
213 2383 356 2447 sedeam
375 2396 409 2448 et
423 2397 594 2469 patronum
609 2384 721 2469 praedo
740 2385 894 2469 superbus
916 2383 1075 2468 despexit.
1122 2385 1182 2448 Illa
1196 2383 1275 2448 verb
1293 2423 1296 2429 -

126 2469 353 2534 monasterium
374 2471 482 2534 Sancti
500 2470 653 2557 Martyris
673 2494 738 2557 quo
756 2470 863 2556 potuit
883 2472 994 2535 annisu
1009 2471 1166 2555 pervenit,
1183 2484 1216 2536 et
1230 2470 1276 2535 ibi

128 2557 284 2620 Sanctum
304 2557 545 2642 importunitate
564 2557 639 2621 anili
654 2557 758 2642 petiit,
785 2557 943 2644 quaesivit,
959 2559 1109 2643 pulsavit,
1125 2557 1274 2646 quatinus

125 2643 224 2706 telam
235 2643 295 2707 sibi
306 2643 476 2718 redderet;
493 2658 526 2708 et
537 2645 579 2708 de
591 2658 710 2710 caetero
723 2645 753 2710 ei
760 2643 946 2722 vindictam,
964 2659 1000 2709 ut
1011 2645 1106 2724 hosti,
1119 2645 1279 2710 retribuet

124 2730 373 2794 commendavit.
408 2731 499 2795 Deus
514 2743 634 2807 autem,
648 2732 702 2817 qui
712 2731 880 2795 viduarum
892 2731 1036 2795 lacrimas
1049 2756 1115 2796 non
1128 2732 1274 2816 despicit,

123 2817 183 2880 sed
208 2818 250 2881 ab
276 2839 387 2881 earum
412 2817 543 2880 maxilla
569 2817 652 2881 dixit
676 2840 730 2881 eas
757 2816 984 2895 conscendere,
1011 2818 1134 2881 meritis
1165 2819 1275 2882 Sancti

125 2903 281 2988 Martyris
306 2903 471 2967 exaudivit
496 2903 678 2967 lacrimosus
702 2904 821 2968 vetulae
847 2903 1014 2990 singultus.
1062 2905 1101 2970 In
1136 2905 1276 2968 crastino

123 2990 244 3076 itaque,
263 2991 359 3054 flante
374 3003 473 3053 vento
491 2990 642 3067 secundo,
658 3005 767 3054 nautae
785 2991 891 3055 Coket
910 2991 1111 3075 perveniunt,
1128 2991 1276 3056 videlicet

124 3077 259 3140 insulam
282 3076 452 3154 modicam,
477 3075 740 3152 aTvnemudtha
758 3078 849 3163 quasi
873 3077 985 3162 viginti
1007 3078 1135 3143 milibus
1155 3079 1276 3143 distan-

124 3177 201 3227 tem.
255 3164 338 3237 Quae
361 3163 464 3226 insula
489 3147 595 3227 Coliet
618 3164 755 3227 fluminis
779 3166 862 3228 ostio
884 3168 1069 3315 praqqqens,
1094 3167 1275 3231 abeodem

123 3272 242 3314 nomen
261 3249 396 3334 accepit.
445 3250 510 3314 Res
522 3250 612 3327 mira,
634 3264 666 3314 et
685 3250 806 3314 meritis
826 3251 934 3314 Sancti
1003 3252 1051 3335 gis
1070 3267 1104 3317 et
1121 3251 1275 3338 Martyris

128 3337 250 3402 Oswini
278 3336 506 3400 attribuenda:
538 3337 577 3400 ln
592 3337 716 3401 summd
738 3337 969 3423 tranquillitate
999 3339 1081 3402 aeris
1107 3353 1276 3423 coeperunt

124 3445 222 3488 naves
242 3423 400 3486 universae
419 3423 451 3486 in
470 3423 618 3508 scopulos
637 3423 847 3501 offendentes,
868 3446 939 3488 sese
954 3424 1091 3489 invicem
1111 3425 1274 3503 collidere,

122 3523 158 3574 et
172 3510 287 3574 fluctus
303 3511 423 3596 absque
439 3523 608 3573 ventorum
624 3508 751 3574 turbine
765 3511 833 3595 jam
846 3511 915 3595 jam
927 3511 1094 3575 saevientes
1108 3525 1276 3597 coeperunt

124 3610 239 3662 nautas
261 3617 488 3681 summergere,
513 3608 547 3660 et
568 3617 681 3660 omnes
703 3593 769 3659 feri
792 3598 975 3662 absorbere.
1024 3598 1067 3662 Et
1090 3600 1206 3666 eodem
1223 3601 1277 3667 die

123 3705 191 3747 non
206 3684 307 3746 solum
324 3705 459 3768 corpora
473 3697 683 3761 mortuorum,
700 3683 758 3748 sed
773 3683 872 3748 etiam
883 3684 991 3749 omnia
1005 3706 1078 3773 qnae
1090 3701 1274 3772 rapuerant,

124 3769 209 3833 infra
229 3772 309 3834 fines
333 3771 374 3834 de
400 3769 628 3855 Ty-nemudthd
645 3770 735 3854 jactu
758 3771 854 3834 maris
877 3771 918 3835 ad
941 3771 1026 3836 idem
1049 3773 1124 3838 litus
1145 3789 1276 3842 revecta

125 3870 211 3921 sunt.
257 3857 377 3921 Incolae
396 3857 525 3920 taudem
545 3856 718 3940 provinciae
732 3857 787 3943 qui
803 3859 844 3921 ob
862 3861 1047 3923 Scottorum
1062 3862 1115 3925 vel
1129 3865 1172 3928 ob
1190 3863 1277 3928 Nor·

124 3965 315 4007 marmorum
332 3965 491 4020 occursus,
509 3943 698 4006 declinando
714 3942 874 4007 latuerant
889 3945 922 4008 in
938 3958 1093 4010 terrarum
1110 3971 1168 4013 seu
1182 3950 1277 4016 silva-

126 4052 200 4094 rum
210 4031 342 4107 abditis,
359 4029 529 4094 securitate
539 4030 913 4116 qualicumquereceptd,
928 4033 1156 4115 egrediuntur3
1172 4049 1205 4100 et
1218 4060 1276 4122 per

124 4117 222 4180 litora
233 4139 307 4182 casu
317 4116 460 4204 dispersi,
474 4116 638 4200 reperiunt
647 4116 834 4202 omniaquae
846 4117 1027 4183 amiserant.
1056 4120 1156 4186 Nullo
1165 4123 1275 4225 itaque

124 4199 194 4267 nisi‘
205 4205 294 4290 quud
309 4227 401 4268 suum
420 4217 489 4267 erat
507 4215 733 4287 praesumente,
753 4203 865 4288 praedo
880 4204 935 4290 qui
951 4207 1068 4271 vetulae
1087 4209 1183 4273 telam
1200 4211 1276 4275 drri·

124 4304 251 4376 puerat,
273 4291 305 4354 in
320 4290 433 4354 sabulo
448 4289 634 4373 complexus
648 4289 750 4374 ipsam
766 4291 874 4369 telam,
898 4309 965 4355 tam
981 4292 1034 4356 diii
1042 4296 1155 4381 jacuit,
1173 4299 1275 4363 donec

123 4377 195 4461 ipsa
219 4378 330 4442 vetula
354 4377 431 4441 licet
452 4375 574 4441 tardior
600 4375 777 4440 adveniret.
827 4377 933 4452 Quam
959 4379 1064 4445 laetior
1083 4397 1116 4446 et
1140 4385 1276 4450 alacrior

122 4464 251 4543 tollens,
263 4463 426 4528 insultavit
437 4476 564 4528 mortuo
579 4462 723 4548 praedoni
739 4464 868 4541 dicens3
889 4465 1087 4534 “Hesterno
1103 4470 1275 4556 dierogavi
