3094 5292
460 489 572 544 arms
600 491 820 542 nnmonom.
1171 479 1217 544 tt

67 652 248 722 Castellum
271 651 400 730 dicitur,
424 642 586 741 quondam
601 674 678 718 vero
704 653 928 720 Moneccest're
950 653 1129 731 dicebatur,
1146 654 1219 729 fixjt

67 739 209 804 tentoria
220 760 316 824 snper
330 739 458 824 Tynam
472 739 616 806 fluvium.
665 739 856 824 Contigerat
871 741 957 820 enim
972 755 1047 806 tunc
1064 743 1217 825 temporis

66 826 203 890 fluvium
228 826 333 910 ipsum
356 826 439 891 adeo
465 850 534 892 esse
558 826 742 905 dirivatum,
770 840 807 891 ut
833 829 1032 893 transvadari
1060 849 1217 913 nusquam

66 926 189 996 posset,
207 935 265 976 nec
281 913 388 997 pontis
403 914 458 1001 qui
474 913 572 978 modo
584 914 735 990 cernitur,
753 913 946 979 adminiculo
961 928 1089 1000 pateret
1104 917 1218 980 transi·

66 1013 130 1062 tus.
191 999 296 1083 Hujus
319 1000 418 1087 igitur
440 1000 638 1066 necessitatis
661 1001 839 1078 occasione,
856 1023 916 1065 rex
930 1002 1009 1066 inibi
1031 1001 1217 1066 nonnullam

66 1086 190 1150 fecerat
212 1107 348 1150 moram.
394 1086 573 1151 Normanni
595 1108 674 1151 vcro
696 1087 739 1152 de
760 1088 873 1172 rapina
887 1088 994 1158 vivere
1010 1089 1140 1167 assueti,
1157 1087 1218 1152 sibi

65 1189 101 1236 et
118 1173 273 1259 jumentis
289 1172 353 1236 suis
368 1174 603 1239 exhibitionem
624 1187 800 1273 rapuerunt
815 1175 856 1238 dc
870 1174 948 1240 locis
964 1173 1217 1260 circumjacenti-

65 1260 138 1324 bus.
189 1259 254 1322 Sed
269 1258 345 1345 quia
359 1273 459 1324 tantae
473 1259 671 1326 multitudini
686 1281 750 1324 non
765 1260 941 1325 sufficiebat
955 1275 1125 1346 paupertas
1140 1261 1215 1338 loci,

64 1346 235 1410 audientes
259 1346 345 1430 apud
370 1347 618 1432 Tynemudham
641 1347 820 1432 depositam
842 1369 913 1412 esse
932 1348 1031 1412 totius
1046 1347 1215 1432 provintiae

64 1433 288 1509 substantiarn,
304 1434 364 1497 sub
384 1433 586 1499 festinatione
601 1434 708 1498 locum
723 1434 855 1511 adeunt,
872 1447 909 1499 ut
924 1433 999 1498 inde
1014 1435 1140 1520 rapiant
1155 1435 1216 1499 sibi

66 1519 167 1583 victui
179 1519 367 1584 necessaria.
415 1521 518 1584 Porro
530 1542 589 1584 rex
604 1520 744 1584 habebat
760 1522 924 1586 tribunum
938 1520 1075 1587 militum
1090 1522 1216 1588 Rober-

66 1619 138 1668 tum
150 1605 296 1681 nomine3
312 1607 363 1671 cui
375 1607 481 1671 fuerat
493 1608 594 1672 multa
606 1608 701 1672 turba
715 1607 954 1672 indomabilium
966 1608 1213 1674 emissariorum.

69 1692 135 1756 Hic
150 1714 225 1756 cum
246 1693 380 1758 vidisset
402 1695 525 1758 eminus
540 1693 654 1759 turrim
676 1693 821 1758 ecclesiae
847 1694 941 1758 Beati
959 1694 1059 1778 Regis
1074 1709 1108 1760 et
1125 1696 1216 1772 Mar-

66 1779 146 1862 tyris
166 1777 298 1856 oswini,
314 1794 349 1843 et
361 1781 402 1844 de
417 1781 532 1844 merito
551 1781 660 1846 Sancti
675 1780 849 1846 instructus
864 1793 951 1846 esset
965 1803 986 1844 a
999 1781 1213 1861 narrantibus,

63 1865 216 1930 deferens
244 1867 373 1943 Sancto,
391 1868 452 1930 iter
474 1867 613 1944 reflexit,
637 1866 784 1932 inhibens
811 1867 959 1932 omnibus
983 1867 1050 1932 suis
1079 1868 1215 1934 ulterius

65 1953 254 2036 procedere.
314 1953 416 2016 Porro
438 1953 592 2020 emissarii
615 1956 683 2039 ejus
706 1977 746 2018 eo
768 1954 943 2032 nesciente,
968 1953 1216 2040 Tynemudham

66 2040 296 2116 accelerantes,
314 2039 433 2124 rapinis
457 2063 490 2104 se
510 2054 656 2118 onerant,
674 2052 707 2104 et
723 2041 830 2106 onusti
845 2041 1049 2106 anathemate
1064 2042 1107 2110 ad
1122 2065 1216 2108 exer-

65 2126 169 2190 citum
194 2127 319 2212 regium
348 2139 524 2211 reportant,
556 2138 589 2191 et
618 2128 709 2212 equis
739 2127 805 2190 suis
834 2127 953 2191 exinde
983 2142 1148 2212 apponunt
1177 2145 1214 2192 ut

64 2213 249 2276 comedant.
298 2213 377 2276 Erat
392 2226 500 2276 autem
510 2205 579 2297 jam
593 2213 681 2277 dicto
699 2213 845 2276 Roberto
857 2236 959 2299 equus
974 2213 1165 2291 carissimus,
1179 2216 1213 2278 in

67 2323 133 2384 quo
159 2299 314 2376 residens,
342 2299 492 2364 militaria
517 2321 669 2365 exercere
695 2299 830 2377 solebat,
859 2299 1007 2385 quotiens
1038 2295 1213 2366 necessitas

65 2386 229 2470 exigebat.
277 2387 339 2451 Cui
354 2386 438 2450 inter
452 2398 588 2452 caeteros
604 2409 703 2473 equos
718 2388 900 2470 appositum
915 2399 965 2450 est
980 2385 1022 2450 de
1037 2386 1158 2471 rapinis,
1176 2403 1213 2452 ut

64 2474 263 2536 comederet.
310 2473 533 2538 Comedebant
548 2496 660 2538 omnes
674 2471 777 2550 avide,
794 2473 870 2558 quia
883 2473 968 2538 farne
983 2473 1133 2538 diuturna
1144 2497 1212 2558 prae

66 2559 211 2623 ciborum
227 2560 361 2643 penuria
375 2561 610 2626 cruciabantur.
659 2560 725 2624 Sed
739 2559 793 2623 alii
807 2559 1018 2640 incontinenti
1033 2560 1213 2628 morieban-

67 2659 130 2724 tur,
156 2647 211 2710 alii
236 2645 270 2708 in
294 2647 449 2711 insaniam
474 2649 708 2712 vertebantur.-
750 2646 912 2711 Insaniam
926 2669 1063 2734 namque
1078 2647 1213 2714 diversis

67 2733 193 2797 indiciis
202 2732 393 2817 prodebant.
441 2734 505 2797 Alii
516 2736 601 2798 enim
612 2733 755 2797 membra
763 2734 899 2818 propriis
909 2733 1059 2798 dentibus
1075 2734 1138 2804 sibi¹
1147 2735 1213 2799 dis-

17 2885 19 2890 ,
66 2821 264 2905 carpebant3
294 2819 348 2883 alii
370 2820 494 2904 linguas
518 2820 578 2884 sibi
600 2819 741 2884 abscisas
762 2819 960 2903 expuebant,
983 2834 1019 2883 et
1041 2821 1213 2904 adpropin-

65 2921 203 2990 quantes
218 2929 363 2992 quosque
378 2907 465 2970 calce
481 2919 515 2970 et
529 2929 637 2970 morsu
653 2905 824 2970 laedebant.
870 2905 1016 2970 Audiens
1037 2927 1115 2989 ergo
1130 2929 1213 2990 prae-

65 2994 173 3057 dictus
188 2994 334 3056 tribunus
349 3016 465 3079 equum
481 3006 548 3058 tam
563 3015 670 3058 carum
686 3015 760 3058 cum
774 2991 844 3056 aliis
860 2992 892 3054 in
908 2992 1063 3056 insaniam
1074 3015 1210 3070 versum,

67 3080 224 3154 indoluit3
241 3092 275 3144 et
290 3081 386 3143 causa
400 3081 539 3164 cognita,
552 3081 594 3145 de
609 3078 752 3164 pacandis
771 3079 880 3144 Sancti
898 3079 1050 3165 Martyris
1067 3079 1214 3164 indigna-

66 3167 156 3230 tione
172 3189 282 3230 secum
296 3166 497 3232 deliberavit.
544 3167 667 3231 Pallam
678 3166 786 3252 itaque
798 3188 894 3252 quam
905 3165 1046 3232 habebat
1058 3167 1212 3250 optimam

68 3255 129 3317 sub
141 3254 227 3317 omni
243 3252 408 3317 celeritate
428 3254 546 3318 Sancto
562 3253 746 3330 destinavit,
763 3266 796 3316 et
812 3275 907 3337 super
922 3253 1214 3327 reverentissimum

66 3342 137 3424 ejus
147 3362 263 3424 corpus
275 3338 407 3403 extendi
419 3340 583 3424 praecepit.
630 3339 718 3404 Mira
729 3339 798 3403 resi
840 3341 909 3404 Sub
921 3338 1037 3402 eodem
1048 3353 1215 3404 momento

64 3449 132 3511 quo
151 3427 235 3510 palla
253 3427 422 3510 sepulchro
441 3426 641 3511 superposita
659 3437 720 3503 est,
738 3437 771 3490 et
796 3447 898 3510 equus
916 3425 1060 3508 pristinae
1083 3426 1213 3490 sanitati

65 3513 236 3577 restitutus
262 3526 323 3591 est,
348 3526 384 3577 et
409 3514 556 3577 tribunus
582 3512 771 3577 multimoda
796 3511 910 3576 letitia
934 3511 1087 3598 repletus.
1147 3512 1213 3586 Qui

71 3600 183 3664 Sancti
205 3600 356 3664 meritum
377 3600 552 3685 praedicare
566 3621 631 3664 non
646 3599 782 3676 destitit,
798 3611 832 3662 et
848 3621 915 3664 rem
934 3611 1060 3682 gestam
1082 3619 1213 3666 narrare

64 3687 227 3765 omnibus,
244 3688 360 3774 quibus
375 3687 470 3752 nacta
484 3687 703 3772 oportunitate
715 3685 832 3772 potuit,
849 3707 914 3752 uon
930 3685 1080 3750 tardavit.

67 3949 169 4013 CAP.
192 3948 448 4026 IX.-Qualiter
461 3952 589 4031 quidam
610 3950 697 4011 miles
718 3950 755 4012 de
776 3950 909 4029 scopulis
931 3967 1023 4010 ruens
1044 3967 1112 4010 cam
1126 3967 1211 4030 equo,

162 4053 222 4098 raon
236 4038 333 4100 solum
347 4039 446 4113 vicus,
458 4039 515 4099 sed
527 4039 619 4098 etium
633 4055 729 4098 suum
744 4039 882 4098 inventus
895 4037 937 4097 ait
946 4053 1014 4098 cvm
1028 4053 1115 4114 equo.

113 4206 212 4270 Aliud
223 4229 352 4294 quoque
361 4208 548 4272 miraculum
561 4207 706 4291 praedicti
726 4207 823 4290 Regis
835 4206 892 4269 filii
910 4218 1053 4288 tempore
1066 4205 1212 4290 contigit,

64 4295 156 4382 quod
170 4293 212 4358 ab
228 4317 267 4358 eo
283 4294 315 4358 iu
330 4317 395 4381 quo
410 4296 607 4359 celebratum
626 4306 686 4371 est,
703 4295 818 4378 saepius
837 4305 871 4356 et
893 4291 1036 4376 pluribus
1052 4304 1215 4356 narratum

63 4394 125 4445 est.
173 4380 349 4445 Direxerat
363 4404 423 4446 rex
442 4381 617 4446 Willelmus
628 4381 736 4466 junior
750 4401 977 4465 nonnunquam
995 4377 1160 4462 Nigellum
1175 4380 1217 4442 de

65 4466 231 4547 Albineio,
249 4489 366 4555 magno
389 4481 423 4534 et
446 4467 552 4534 valido
572 4467 709 4533 militum
729 4467 881 4552 stipatum
900 4467 1038 4550 agmine,
1056 4487 1129 4530 cum
1148 4465 1218 4531 aliis

611 4576 631 4618 a
650 4560 669 4617 3
