3094 5292
518 483 629 534 nucis
657 483 876 535 naraonmu.
1222 471 1269 538 51

112 644 218 712 bebat
242 645 404 710 incassum
422 645 641 728 expendisset,
658 644 777 711 relictis
799 642 942 721 medicis,
959 643 1076 710 saniori
1091 667 1149 710 usa
1163 667 1206 710 ex
1223 647 1272 711 in-

112 733 294 886 spiplapone
309 732 418 797 divina
432 732 693 884 consplip,nfiliam
708 733 856 882 adjppcat,
874 754 1009 819 eamque
1025 733 1071 797 sic
1086 731 1270 833 alloquitur.

116 831 142 864 “
193 845 202 884 1
227 845 271 898 es,
300 833 376 886 nata
400 842 473 884 mea
527 843 696 898 ucrssrma,
726 843 756 883 vr
780 842 814 883 es
844 833 980 884 matrem
1010 831 1099 886 tuam
1120 834 1271 888 ,caeertate

113 908 298 985 incurrisse,
320 930 379 972 nec
405 908 447 973 ab
474 907 541 970 ullo
572 906 772 972 medicorum
802 907 906 970 curari
931 928 1040 990 posse.
1077 907 1271 995 ‚Adquiesce

113 995 216 1080 igitur
236 995 375 1060 consiliis
397 994 490 1072 meis,
515 1006 550 1058 ct
576 1007 739 1058 sunreutes
762 1007 886 1078 partem
910 994 1056 1078 pecuniae
1078 1017 1153 1082 quae
1177 997 1269 1062 nobis
1296 1041 1300 1050 »

112 1083 278 1160 remansit,
296 1083 449 1147 adeamus
465 1081 507 1146 ad
529 1081 704 1166 gloriosum
721 1080 902 1166 Martyrem
929 1081 1082 1146 Sanctum
1107 1082 1271 1148 'llromam

115 1171 382 1234 Cantuarieusem
402 1168 678 1253 archipraesulem
701 1169 869 1254 ipsumque
889 1167 1110 1253 deprecemur,
1135 1183 1169 1234 ut
1190 1171 1269 1234 mihi
1349 1195 1352 1201 ·

111 1256 267 1342 impetret
283 1257 302 1321 a
319 1257 393 1321 Deo
408 1256 474 1320 suis
495 1255 705 1333 orationibus,
723 1256 811 1341 quod
825 1254 943 1320 medici
958 1266 1123 1342 nequeunt
1138 1255 1202 1322 suis
1218 1281 1268 1322 ar-
1359 1323 1362 1329 ,

112 1344 231 1409 tibus.”
283 1344 425 1408 Assentit
441 1342 546 1408 verbis
561 1345 671 1408 matris
687 1342 764 1420 filia,
781 1356 814 1405 et
830 1364 926 1428 quam
942 1341 1035 1407 citius
1057 1358 1190 1428 possunt
1205 1344 1267 1409 iter

110 1431 279 1516 arripiunt.
328 1433 412 1496 Cum
425 1430 651 1516 pervenissent
672 1431 781 1516 itaque
800 1429 1016 1507 Cantuariam,
1034 1443 1068 1496 et
1083 1430 1175 1496 sactis
1190 1446 1266 1498 ante

111 1518 318 1604 sepulchrum
339 1517 470 1602 gloriosi
494 1515 647 1605 Martyris
662 1516 799 1581 Thomae
822 1517 1052 1596 oblationibus,
1068 1516 1209 1606 fusisque
1225 1521 1267 1584 ad

113 1605 224 1670 Deum
251 1629 293 1670 ex
316 1606 413 1670 corde
437 1605 593 1691 precibus,
622 1618 717 1669 nocte
744 1603 891 1690 sequenti
920 1604 1035 1668 mulier
1066 1605 1157 1669 unius
1180 1607 1266 1670 oculi

113 1693 224 1758 lumen
238 1693 373 1777 recepit.
411 1693 539 1757 Perstat
554 1692 661 1756 adhuc
676 1691 709 1755 in
725 1691 885 1776 precibus,
903 1705 938 1754 ut
954 1691 1014 1756 sibi
1030 1692 1162 1756 alterius
1178 1695 1265 1758 oculi

109 1780 220 1845 lumen
231 1780 438 1845 redderetur.
488 1780 571 1844 Cum
592 1802 667 1844 ecce
683 1779 784 1844 altera
798 1791 896 1843 nocte
912 1779 1084 1843 dormienti
1096 1779 1146 1844 illi
1166 1781 1266 1845 Sanc·

109 1883 164 1932 tus
192 1868 344 1944 Thomas,
378 1866 614 1952 pontificalibus
646 1867 778 1931 indutus
813 1865 967 1943 vestibus,
999 1866 1101 1932 astitit
1131 1867 1263 1934 dicens:

112 1955 238 2030 “Quid
255 1956 313 2018 ¹liic
336 1957 436 2040 jaces,
463 1953 602 2019 mulier?
650 1954 767 2019 Nonne
793 1953 887 2017 unius
911 1955 1020 2018 lumen
1049 1953 1109 2018 tibi
1133 1955 1263 2020 reddidi

109 2043 223 2108 oculi?
272 2042 360 2116 Quid
383 2043 434 2106 hic
458 2041 592 2127 amplius
615 2043 794 2127 expectas?
841 2040 919 2106 Nou
942 2041 1029 2105 enim
1048 2041 1108 2106 tibi
1130 2042 1262 2108 alterius

109 2130 195 2196 oculi
214 2130 324 2195 lumen
338 2130 483 2195 reddam.
532 2129 598 2192 Sed
613 2151 708 2214 surge
724 2128 800 2205 eit0,
818 2140 852 2191 et
875 2129 916 2191 ad
939 2127 1077 2213 patriam
1100 2142 1189 2194 tuam
1210 2153 1263 2196 re·

108 2217 241 2304 pedans,
269 2217 533 2303 Tynemudtham
554 2216 666 2291 adit03
689 2229 787 2302 atque
810 2215 851 2279 ab
872 2214 974 2304 ipsius
998 2215 1061 2279 loci
1088 2216 1259 2297 advocato,

110 2307 234 2370 Sancto
249 2304 399 2369 videlicet
417 2306 509 2388 llege
525 2316 560 2368 et
580 2303 727 2391 Martyre
746 2301 887 2380 Oswino,
904 2302 1012 2367 lumen
1028 2302 1159 2368 alterius
1175 2306 1260 2369 oculi

106 2407 196 2478 pete,
213 2406 248 2472 et
263 2393 331 2457 sinc
347 2392 447 2456 dubio
463 2391 630 2476 accipies.''
680 2389 843 2475 Evigilans
860 2389 971 2477 itaque
987 2390 1103 2456 mulier
1122 2392 1260 2458 advocat

106 2481 218 2560 filiam,
235 2479 363 2566 etquid
388 2477 566 2564 pervisum
589 2477 713 2542 viderat
736 2477 788 2541 vel
812 2476 1017 2556 audieranei
1041 2501 1098 2564 per
1113 2479 1261 2546 ordinem

108 2582 228 2633 narrat.
298 2566 369 2631 Nec
393 2589 502 2641 mora;
526 2565 731 2630 illucescente
750 2564 807 2629 die
830 2578 977 2650 surgunt,
995 2577 1029 2630 et
1051 2589 1117 2654 quo
1134 2568 1261 2653 jussum

105 2656 224 2734 fuerat,
241 2655 375 2739 impigre
391 2654 539 2720 tendunt.
589 2654 632 2717 Et
647 2653 813 2718 venientes
828 2665 904 2717 aute
914 2653 1117 2738 sepulchrum
1127 2655 1258 2739 gloriosi

107 2743 210 2828 Regis
233 2755 267 2808 et
291 2742 446 2828 Martyris
473 2739 603 2818 Oswini‚
620 2740 706 2804 sacti
720 2740 867 2804 oratione
890 2739 1010 2824 pariter
1025 2755 1059 2804 et
1082 2742 1256 2822 oblatione,

105 2832 167 2894 sub
182 2846 277 2895 nocte
300 2830 415 2894 eadem
438 2829 568 2892 alterius
591 2826 825 2891 oculi.mulieri
849 2826 1015 2892 restitutus
1039 2841 1088 2893 est
1112 2827 1207 2908 visus,
1225 2843 1258 2895 et

102 2939 201 2982 mane
213 2917 304 2982 lacto
335 2939 409 2981 cum
423 2916 490 2980 filia
505 2915 547 2979 ad
561 2915 690 3000 propria
705 2913 812 2978 rediit.

106 3180 167 3245 CA
171 3181 210 3244 P.
228 3182 509 3259 XL.—Quomodo
523 3183 650 3263 quidam
664 3183 701 3244 de
709 3181 873 3260 fratribus
887 3184 919 3242 in
930 3181 1098 3263 prasentia
1113 3179 1222 3253 Sancti
1235 3181 1257 3246 ὰ

323 3272 462 3349 corporis
475 3277 505 3331 et
517 3270 620 3346 cordis
634 3270 675 3330 sit
689 3269 870 3349 infirmitate
880 3269 1037 3330 liberatas.

152 3441 320 3506 Gloriosus
345 3441 436 3504 Deus
462 3441 494 3503 in
523 3439 647 3504 Sanctis
672 3438 836 3515 mirabilis,
853 3438 908 3525 qui
933 3460 1033 3538 usque
1057 3440 1155 3503 modo
1179 3461 1255 3504 cum

102 3540 196 3614 patre
219 3527 409 3593 mirabiliter
431 3541 595 3613 operatur,
612 3526 781 3591 novissime
803 3525 916 3590 diebus
940 3525 1007 3590 istis
1030 3525 1062 3590 in
1090 3526 1183 3592 Beati
1205 3528 1255 3591 sui

107 3615 206 3702 Regis
227 3627 264 3680 et
288 3614 441 3701 Martyris
462 3614 583 3680 Oswiui
606 3614 726 3678 meritis
742 3615 878 3678 salutem
895 3623 1046 3699 operatus
1062 3628 1111 3679 est
1126 3615 1264 3680 cuidam

101 3702 193 3766 fratri
217 3703 250 3767 in
278 3704 387 3767 Sancti
410 3701 579 3787 praesentia
601 3702 789 3779 constituto,
813 3725 906 3789 quem
930 3702 1066 3766 molesta
1088 3702 1254 3768 infirmitas

101 3790 223 3875 duplici
247 3790 447 3854 contristavit
469 3789 685 3854 incommodo.
734 3789 833 3864 Quod
857 3789 967 3878 utique
990 3789 1111 3854 sactum
1137 3791 1254 3856 litteris

102 3878 290 3943 mandatum
313 3878 446 3965 dignum
470 3877 619 3942 duximus
643 3877 685 3940 ad
708 3892 853 3962 posteros
877 3877 1104 3955 transmittere,
1122 3891 1158 3942 ut
1177 3902 1254 3963 eog-

101 3979 215 4030 noscat
237 3966 405 4050 generatio
426 3965 538 4042 altera,
556 3987 652 4051 quam
671 3964 767 4049 digne
779 3965 842 4028 iste
863 3965 998 4029 Sanctus
1018 3964 1049 4026 in
1065 3965 1254 4032 memoriam

100 4052 239 4118 vertitur
250 4052 426 4129 hominum,
439 4053 529 4137 cujus
541 4073 631 4116 saera
642 4051 777 4136 pignora
791 4055 955 4136 signorum
965 4051 1147 4138 frequentia
1159 4052 1254 4118 titulo

101 4153 204 4204 tantae
221 4140 434 4205 venerationis
447 4139 597 4204 illustrat.
643 4139 676 4204 Is
692 4154 801 4204 autem
815 4139 870 4226 qui
884 4140 1077 4202 Sanctorum
1092 4161 1191 4223 opera
1200 4143 1253 4206 vel

97 4227 230 4292 silentio
252 4228 379 4313 premit,
397 4227 449 4292 vel
468 4248 526 4312 per
540 4225 695 4290 incuriam
716 4227 917 4311 negligenter
937 4225 1069 4302 omittit,
1086 4227 1252 4295 manifeste

101 4315 169 4379 Dei
195 4315 358 4379 beneficiis
385 4316 527 4400 ingratus
551 4337 621 4379 esse
648 4314 869 4378 convincitur:
894 4312 969 4401 quia
991 4313 1079 4400 quod
1103 4315 1253 4382 animalia

97 4403 197 4468 bruta
211 4401 301 4489 quasi
324 4425 382 4487 per
404 4403 603 4467 intellectum
628 4402 756 4465 trahunt
771 4401 791 4464 ὲ
807 4402 929 4477 natura,
946 4400 1008 4465 hoc
1022 4400 1121 4465 homo
1142 4406 1253 4469 sensiis

94 4513 205 4578 capax
226 4490 262 4553 in
285 4513 319 4555 se
335 4504 449 4555 contra
464 4490 570 4575 legem
585 4488 716 4554 rationis
733 4488 860 4553 evertit.
888 4487 1005 4554 Bestiis
1021 4489 1105 4553 enim
1122 4490 1252 4556 insitum
