3094 5292
331 509 377 583 16
774 529 868 579 vrrs
895 529 1035 578 osvvmr

325 697 393 760 bat.
442 694 494 757 Ad
519 691 626 756 omnia
652 689 824 775 spiritualis
847 690 992 754 exercitii
1017 689 1123 754 studia
1142 712 1176 754 se
1192 690 1395 779 accingebat,
1427 693 1480 754 sed

325 782 440 866 opibus
456 776 684 844 misericordiae
699 777 885 864 diligentius
905 801 939 841 se
956 790 1060 841 totum
1076 778 1275 842 effundebat.
1319 779 1386 841 Sua
1401 791 1481 842 sata-

324 870 423 953 gebat
448 869 551 953 copia,
582 865 771 930 miserorum
802 864 952 948 supplere
983 864 1134 948 inopiam.
1183 864 1333 928 Divitum
1364 865 1480 950 quippe

326 956 498 1040 superflua,
519 954 691 1038 reputabat
714 973 891 1036 pauperum
915 949 1106 1016 necessaria.
1156 952 1360 1016 Auctoritate
1387 952 1480 1016 officii

323 1042 404 1128 regii
427 1042 578 1106 credebat
597 1063 631 1104 se
654 1038 827 1124 plurimum
843 1038 962 1102 debere
984 1037 1034 1101 his
1051 1037 1105 1124 qui
1129 1038 1296 1104 minimum
1310 1051 1478 1123 poterant3

324 1129 494 1214 plurimam
521 1127 672 1192 exhibere
692 1124 857 1210 justiciam
886 1125 947 1202 his,
998 1125 1031 1188 ui
1058 1127 1274 1209 gravabantur
1298 1125 1479 1210 plurimum.

318 1217 365 1281 ‘In
377 1214 670 1298 humilitatisregiae
680 1211 959 1276 commendatione
976 1148 1174 1276 llenerabilis
1190 1213 1282 1277 Beda
1297 1214 1480 1298 exemplum

322 1304 490 1389 proposuit
520 1301 665 1366 omnibus
689 1298 890 1375 imitandum,
915 1298 973 1376 sed
995 1298 1012 1363 b
1045 1299 1139 1362 nullis
1163 1301 1293 1388 regibus
1320 1321 1422 1386 usque
1449 1300 1479 1364 in

322 1391 516 1454 hodiernum
551 1388 640 1452 diem
677 1384 770 1471 plene
809 1399 993 1450 executum.
1068 1385 1241 1450 Humiliari
1271 1385 1389 1474 quippe
1421 1389 1479 1451 sub

325 1475 561 1542 excellentioris
584 1473 731 1558 imperio,
748 1472 849 1536 debiti
872 1486 921 1536 est
941 1472 1081 1536 exactio.
1128 1472 1305 1538 Humiliari
1325 1474 1407 1540 ⁴verb
1421 1475 1479 1538 sub

324 1563 449 1628 socialis
471 1561 601 1628 foederis
617 1560 732 1636 officio,
749 1559 855 1623 meriti
871 1572 920 1623 est
934 1559 1108 1644 promotio.
1156 1560 1327 1624 Humiliari
1351 1561 1481 1626 tandem

324 1652 383 1715 sub
407 1647 564 1715 inferioris
581 1646 744 1735 dignitatis
761 1646 929 1734 obsequio,
947 1646 1154 1731 profectionis
1171 1660 1220 1712 est
1236 1648 1479 1712 consummatio.

325 1739 400 1804 Hac
415 1737 568 1824 perfectae
583 1734 770 1798 humilitatis
785 1734 889 1818 gratia
903 1733 1058 1819 praeditus
1071 1734 1187 1798 enituit
1206 1735 1343 1799 Sanctus
1360 1735 1436 1799 Rex
1447 1749 1479 1800 et

326 1825 453 1911 Martyr
470 1825 630 1900 Oswinus,
647 1821 702 1908 qui
726 1820 886 1906 pontificis
906 1821 1034 1905 Aydani
1059 1821 1260 1905 provolvitur
1282 1822 1431 1907 pedibus,
1450 1823 1480 1886 in

322 1912 436 1977 mediis
452 1911 626 1998 primorum
642 1931 772 1973 suorum
789 1907 970 1993 agminibus
986 1907 1144 1992 supplicat
1167 1931 1226 1994 pro
1242 1909 1347 1986 veniri,
1363 1909 1419 1996 qui
1441 1911 1480 1974 de

323 2000 418 2086 culpa
427 1998 566 2084 trepidat
578 2019 642 2060 non
654 1995 832 2072 commissa,
847 2007 882 2058 et
893 1995 1153 2079 interrogationis
1162 2019 1230 2061 suoe
1240 1996 1478 2076 discretionem,

323 2087 504 2152 redundare
518 2084 671 2149 formidat
686 2084 718 2146 in
734 2081 878 2168 praesulis
894 2081 1071 2146 laesionem.
1111 2082 1250 2166 Regiam
1266 2098 1479 2172 magestatem

322 2174 499 2260 pontificali
522 2173 672 2257 dignitati
695 2171 861 2255 praelatam
885 2191 955 2234 esse
978 2168 1136 2246 novimus,
1154 2183 1219 2233 tarn
1244 2193 1285 2234 ex
1308 2171 1480 2256 spiritualis

257 2327 260 2334 ,
322 2261 483 2326 unctionis
499 2257 650 2344 singulari
670 2269 880 2334 sacramento,
899 2257 996 2344 quam
1010 2279 1053 2321 ex
1075 2257 1259 2342 temporalis
1281 2257 1480 2344 principatirs

321 2348 520 2435 praecellenti
535 2345 689 2410 dominio.
739 2343 823 2418 Quae
850 2357 958 2408 tamen
972 2343 1153 2408 humiliavit
1176 2367 1209 2408 se
1232 2367 1341 2408 coram
1365 2346 1478 2410 ordine

322 2435 475 2512 inferiori,
492 2455 557 2497 non
573 2432 605 2495 in
621 2431 776 2507 conclavi,
793 2430 851 2494 sed
873 2431 904 2492 in
927 2429 1069 2514 palati03
1092 2452 1156 2493 non
1172 2453 1281 2496 eoram
1295 2432 1480 2496 domesticis

323 2535 461 2600 tantum,
478 2520 537 2585 sed
559 2541 668 2583 coram
690 2517 809 2602 passim
823 2515 1025 2581 adstantibus
1048 2517 1156 2581 multis
1179 2531 1245 2582 tam
1268 2519 1366 2584 servis
1382 2543 1481 2606 quarn

322 2609 443 2686 liberis,
472 2621 539 2672 tam
565 2604 683 2691 ignotis
707 2627 803 2704 quam
828 2603 976 2691 cognitis.
1034 2604 1129 2668 Hora
1154 2605 1280 2690 prandii
1304 2629 1370 2670 nou
1397 2608 1480 2672 ollas

324 2696 467 2760 carnium
489 2705 593 2759 versat
618 2693 652 2756 in
674 2714 792 2770 ammo,
814 2691 872 2754 sed
898 2713 973 2755 reco
997 2690 1057 2754 itat
1079 2691 1216 2756 amarius
1238 2716 1273 2758 se
1295 2694 1420 2779 lapsum
1447 2696 1481 2759 in

324 2785 435 2862 verbo,
467 2794 501 2847 et
523 2780 609 2846 otior
630 2778 814 2866 procumbit
837 2777 880 2842 ad
902 2715 1161 2857 satisfactionem,
1193 2803 1290 2866 quam
1312 2782 1354 2845 ad
1376 2782 1482 2847 refec-

323 2871 445 2937 tionem
474 2867 643 2935 recumbit.
692 2866 848 2932 Ciborum
877 2864 976 2929 etiam
1006 2865 1288 2951 ingurgitationem
1318 2869 1480 2954 anticipat

322 2959 454 3044 crapula
464 2957 676 3032 lacrimarum,
687 2968 722 3019 et
736 2953 823 3038 prius
839 2951 954 3036 scindit
966 2975 1023 3016 cor
1033 2953 1237 3031 contritione,
1251 2977 1348 3042 quam
1359 2978 1480 3040 corpus

323 3046 437 3112 farciat
451 3059 544 3130 pastu
556 3042 704 3107 lautiore.
752 3040 852 3104 Videt
867 3052 900 3104 et
916 3041 1132 3106 contremiscit
1147 3042 1301 3126 Aydanus
1316 3043 1479 3128 pontifex,

324 3134 415 3198 etad
437 3153 580 3195 mensam
601 3128 744 3192 residens
760 3149 860 3214 usque
884 3127 926 3191 ad
948 3127 1150 3192 lacrimarum
1165 3129 1373 3194 suffusionem
1388 3153 1482 3196 com-

323 3219 489 3310 pungitur,
508 3218 563 3282 ubi
578 3216 677 3281 etiam
692 3215 733 3278 de
749 3214 887 3278 instante
902 3215 985 3300 regis
1008 3215 1162 3301 martyrio
1181 3215 1213 3278 iu
1229 3216 1341 3300 spiritu
1356 3218 1480 3285 edoce-

324 3323 388 3373 tur.
438 3306 528 3371 Sicut
551 3305 662 3388 lingua
685 3301 889 3388 praedicantis
916 3303 1042 3380 arescit,
1067 3317 1101 3366 et
1127 3303 1169 3367 ab
1193 3303 1298 3368 officio
1325 3327 1384 3368 suo
1409 3328 1481 3370 non

323 3415 488 3481 nunquam
502 3391 612 3457 deficit
627 3413 686 3477 pro
702 3389 885 3454 auditorum
900 3391 1004 3475 culpa,
1019 3389 1062 3454 sic
1078 3405 1111 3455 et
1126 3403 1285 3479 magestas
1295 3391 1381 3478 juste
1393 3416 1483 3478 prae-

323 3482 454 3548 sidentis
470 3480 586 3566 saepius
600 3477 724 3562 rapitur
741 3478 783 3542 ab
798 3477 858 3542 hac
870 3477 945 3554 vita,
959 3499 1018 3562 pro
1027 3500 1153 3542 morum
1168 3477 1387 3564 inaequalitate
1402 3504 1482 3566 quae

323 3569 520 3655 principatur
542 3569 575 3630 in
596 3564 690 3651 plebe
712 3565 867 3650 subjecta.
918 3564 970 3628 Sic
992 3563 1150 3648 profectb,
1168 3564 1213 3629 sic
1240 3565 1375 3630 Sanctus
1402 3567 1481 3634 Rex

328 3656 486 3732 Oswinns,
512 3654 588 3742 quia
611 3675 690 3738 gens
717 3674 862 3716 sua-non
888 3650 1006 3714 meruit
1030 3651 1128 3716 talem
1154 3653 1274 3717 habere
1300 3667 1478 3734 rectorem,

307 3759 309 3764 '
323 3743 432 3834 gladio
449 3741 656 3807 transfoditur
672 3740 864 3816 invidorum,
877 3750 910 3803 et
925 3738 967 3801 ad
987 3738 1178 3803 Sanctorum
1194 3740 1385 3804 transfertur
1400 3765 1480 3806 oon·

325 3831 424 3896 sortia
440 3829 650 3914 Angelorum.
698 3827 815 3891 Nullus
838 3823 1018 3894 stilusvitae
1042 3825 1109 3909 ejus
1125 3825 1331 3890 sanctissimae
1346 3829 1477 3908 seriem,

323 3920 405 3984 sicut
419 3941 479 3982 uec
499 3917 608 3982 Sancti
626 3913 868 3980 Melchisedech
884 3909 975 3996 plene
988 3912 1103 3989 texuit,
1121 3913 1173 3976 vel
1189 3912 1284 3997 digne
1299 3928 1336 3979 ut
1352 3917 1477 3995 decuit,

322 4007 382 4071 uisi
410 4004 609 4070 Venerabilis
638 4003 729 4066 Beda
755 4001 788 4063 in
815 3998 993 4081 Anglorum
1023 3998 1166 4084 hystoria
1191 4001 1332 4066 breviter
1358 4026 1481 4088 magna

322 4093 549 4193 perstringens,
566 4106 600 4156 et
619 4090 722 4153 multe
736 4085 924 4170 constringit
938 4109 947 4161 ;
970 4085 1026 4172 qui
1040 4087 1082 4152 de
1102 4087 1220 4152 Sancto
1236 4111 1300 4152 non
1317 4089 1480 4176 principa-

321 4182 395 4247 liter
410 4180 531 4259 scribit,
548 4179 606 4244 sed
628 4175 806 4240 incidenter
828 4172 1025 4266 mentionem
1047 4174 1134 4239 facit.
1180 4175 1234 4239 De
1254 4176 1363 4240 Sancti
1388 4177 1481 4243 Mel-

322 4265 493 4334 chisedech
521 4265 586 4329 vita
612 4263 769 4346 scriptura
794 4282 854 4324 nec
880 4283 994 4345 parum
1020 4262 1098 4348 quid
1124 4264 1276 4350 loquitur,
1305 4277 1340 4328 et
1367 4277 1481 4330 tamen

322 4358 467 4422 crebram
483 4358 550 4443 ejus
566 4349 761 4415 mentionem
784 4347 903 4412 faciens
926 4349 1157 4414 sanctissimum
1179 4373 1291 4438 regern
1306 4351 1403 4415 fuisse
1427 4353 1482 4416 in-

321 4443 478 4509 sinuando
494 4451 640 4504 testatur.
703 4435 756 4501 Sic
772 4436 832 4500 etsi
847 4436 888 4501 de
905 4436 970 4500 vita
988 4437 1099 4502 Sancti
1124 4437 1222 4522 Regis
1238 4438 1339 4503 nostri
1361 4461 1480 4524 parum

301 4531 486 4618 scripturae
508 4525 668 4592 beneficio
691 4524 889 4611 colligamus,
918 4524 1048 4592 invento
1072 4529 1140 4612 ejus
1169 4524 1310 4611 glorioso
1339 4549 1481 4611 corpore
