3132 5286
258 521 306 596 86
633 542 822 594 muamus
849 543 900 593 na
927 543 1029 594 oaru

255 710 358 773 socios
384 706 572 773 invitabant.
622 705 890 791 Circumspiciens
915 730 994 792 ergo
1018 705 1185 796 episcopus
1202 702 1289 766 videt
1306 725 1410 790 quan-

255 797 330 860 dam
347 797 405 859 sub
422 795 528 880 specie
545 793 687 857 mulieris
711 793 898 857 mirabiliter
914 796 1104 868 radiantem,
1122 807 1154 856 et
1169 794 1255 855 crine
1281 791 1409 854 et'facie

255 907 329 948 cum
343 885 465 947 nitente
487 883 622 944 vestium
640 883 793 944 varietate
818 885 898 944 miro
914 883 1012 946 modo
1028 881 1215 966 fulgentem.
1269 877 1408 941 Omnem

257 971 415 1056 siqnidem
445 970 616 1032 humanam
649 967 784 1050 effigiem
817 971 864 1031 sui
888 971 1106 1055 pulcritudine
1131 965 1345 1050 praecellebat,
1375 978 1409 1028 et

257 1074 389 1124 ornatus
405 1057 505 1142 ipsius
522 1079 631 1119 omnes
648 1071 786 1120 texturae
811 1057 984 1120 mundanae
1009 1057 1213 1138 sagacitatem
1233 1053 1280 1116 vel
1299 1052 1410 1138 periti-

256 1170 306 1210 am
330 1145 537 1230 exuperabat.
588 1144 685 1208 Unde
701 1147 888 1232 quicunqne
904 1145 986 1208 illius
1003 1145 1107 1208 vultus
1125 1149 1329 1236 inspexerant
1341 1163 1409 1224 prae

256 1232 363 1300 nimiae
379 1233 537 1318 cupidinis
554 1231 682 1295 lascivia
704 1249 786 1316 pene
814 1232 934 1318 seipsos
961 1244 1176 1296 excesserant.
1227 1232 1270 1292 At
1287 1231 1411 1314 episco-

257 1345 315 1406 pus
331 1345 404 1385 cum
429 1321 631 1384 festinatione
647 1342 760 1406 aquam
779 1320 956 1396 benedixit,
982 1334 1015 1383 et
1040 1319 1221 1404 aspersorio
1249 1316 1279 1379 in
1309 1339 1346 1380 ea
1363 1317 1410 1377 in-

258 1412 369 1484 tincto,
388 1409 418 1470 in
436 1408 616 1491 vmaginem
635 1407 810 1472 fantasticae
822 1407 999 1470 delusionis
1012 1406 1129 1496 injecit.
1165 1405 1278 1470 Statim
1293 1403 1409 1466 fantas-

257 1497 321 1560 tica
343 1477 466 1557 delusio
489 1495 589 1557 oculis
613 1493 713 1556 delusi
741 1493 854 1578 populi
885 1517 950 1556 non
974 1495 1165 1579 comparuit,
1196 1493 1252 1554 sed
1269 1489 1411 1554 maxima

257 1583 388 1668 parietis
418 1595 510 1666 parte
535 1580 679 1644 ecelesiae
710 1605 818 1644 secum
850 1583 960 1645 evulsa
983 1583 1042 1646 sub
1071 1595 1235 1644 momento
1259 1581 1290 1640 in
1316 1601 1409 1640 auras

258 1671 368 1734 inanes
385 1670 525 1736 evanuit.
575 1669 749 1755 Tantaque
765 1669 880 1732 f'oetore
893 1693 986 1732 nares
1002 1670 1144 1732 omnium
1172 1669 1236 1730 suis
1262 1667 1410 1728 ludibriis

259 1760 468 1846 deceptorum
497 1755 694 1840 perfuderat,
720 1757 808 1844 quod
833 1759 884 1818 vix
917 1781 959 1819 ex
987 1758 1119 1820 horrore
1152 1754 1231 1818 tami
1257 1752 1408 1817 stercoris

259 1845 417 1932 quispiam
443 1844 615 1907 subsistere
639 1845 846 1927 praevalebat.
896 1845 977 1906 Nam
996 1865 1260 1931 quorumcunque
1285 1842 1409 1904 animos

258 1932 397 1996 luxuriae
420 1933 551 2000 flamma
587 1932 805 2006 succenderat,
838 1931 951 1995 horum
987 1954 1098 1994 sensus
1136 1952 1230 2016 quam
1269 1928 1409 1992 maxime

258 2021 356 2084 foetor
388 2019 453 2102 ipse
490 2018 725 2104 praegravabat.
784 2019 879 2083 Tunc
913 2021 1083 2104 episcopus
1116 2039 1297 2082 sermonem
1324 2039 1412 2079 com-

245 2107 445 2173 monitionis
483 2105 632 2182 intexuit,
672 2119 704 2168 et
743 2106 784 2168 de
810 2106 1031 2170 immundiciae
1064 2106 1297 2192 incontinentia
1326 2127 1410 2195 prae-

261 2197 389 2259 dicavit.
453 2203 474 2233 ‘⁶
496 2193 612 2270 Ecce,’'
652 2193 810 2280 inquiens,
861 2204 955 2257 “vos
993 2195 1091 2258 modo
1125 2193 1226 2256 oculis
1261 2214 1412 2276 corpora-

260 2283 344 2346 libus
371 2280 564 2368 inspexistis,
596 2303 694 2368 quare
734 2280 809 2344 olim
840 2293 906 2344 tam
937 2283 1051 2344 crebro
1081 2281 1214 2345 feminas
1256 2281 1297 2344 ab
1325 2279 1410 2342 omni

261 2369 361 2433 limite
393 2369 536 2432 ecclesiae
569 2391 648 2432 meae
678 2369 871 2455 separandas
903 2369 1067 2436 didicistis.
1128 2370 1211 2432 Nam
1244 2390 1410 2454 nunquam

263 2458 363 2521 viscus
387 2455 506 2520 diaboli
531 2455 735 2518 ludibriosius
760 2458 826 2519 sive
842 2458 1051 2541 perniciosius
1068 2456 1248 2542 suscipitur,
1266 2479 1362 2542 quam
1379 2455 1411 2516 in

262 2546 361 2608 domo
395 2543 535 2618 Domini,
565 2542 618 2605 ubi
647 2543 804 2606 castitatis
830 2544 932 2607 hostia
957 2544 1074 2608 cotidie
1091 2545 1283 2608 immolatur.
1343 2543 1410 2606 Nec

262 2631 356 2696 citius
374 2653 514 2721 unquam
531 2628 615 2692 virus
632 2629 833 2714 deceptionis
850 2631 971 2710 inserit,
989 2655 1085 2719 quam
1101 2647 1205 2697 astuta
1221 2631 1408 2695 feminarum

262 2718 419 2804 decipula,
445 2740 518 2809 quae
534 2735 567 2784 et
581 2717 622 2781 de
638 2717 789 2804 paradiso
805 2719 925 2783 animas
935 2719 1113 2807 fragiliores
1126 2720 1272 2806 expellit.
1302 2719 1410 2797 Quare

263 2829 307 2872 ex
335 2809 398 2872 hoc
422 2819 567 2891 tempore
592 2804 782 2870 feminarum
809 2830 956 2871 accessus
981 2807 1014 2870 in
1030 2809 1108 2871 meis
1123 2832 1143 2872 a
1157 2807 1255 2878 modo
1271 2805 1410 2872 ecclesiis

262 2895 428 2980 prohibe0‚
443 2897 518 2981 quia
530 2896 678 2977 spiritum
691 2893 872 2958 fornicariae
884 2895 1040 2971 falsitatis
1052 2919 1146 2982 quem
1160 2894 1290 2972 vidistis,
1305 2917 1410 2981 neque

265 3004 320 3046 vos
340 2983 390 3046 vel
406 3006 495 3046 meos
512 3005 531 3045 a
548 2981 612 3044 Dei
628 2983 763 3044 servicio
780 2983 945 3046 retardare
961 2986 1122 3066 permitto.
1148 2983 1286 3059 Quodsi
1304 2983 1412 3068 aliqua

264 3070 502 3154 impudibunda
517 3068 655 3136 scienter
670 3089 705 3133 se
717 3070 899 3153 ingesserit,
914 3069 980 3133 scio
996 3073 1071 3157 quia
1085 3071 1158 3135 Deo
1174 3071 1301 3134 vindice
1317 3073 1411 3134 citius

263 3159 427 3242 punietur.
452 3156 537 3218 Haec
549 3175 677 3240 quoque
693 3155 784 3218 vobis
800 3156 943 3240 praedico
960 3159 992 3218 in
1005 3172 1170 3241 posterum
1182 3160 1257 3245 quia
1273 3158 1411 3221 nonnul-

264 3245 311 3307 las
329 3247 398 3331 jam
414 3243 509 3306 video
524 3264 605 3305 ausu
620 3264 679 3305 suo
696 3245 868 3306 temerario
886 3245 949 3311 Dei
962 3245 1115 3310 offensam
1130 3259 1162 3310 et
1174 3269 1254 3309 meae
1264 3245 1412 3332 indigna-

265 3333 362 3397 tionis
373 3354 487 3416 poenas
503 3330 719 3394 incursuras.''
748 3329 897 3418 Denique
914 3333 984 3396 haec
1000 3336 1068 3420 ejus
1080 3346 1244 3418 praecepta
1256 3334 1411 3397 hactenus

265 3420 489 3497 observantur,
515 3431 546 3482 et
570 3422 596 3480 si
619 3417 812 3505 quandoque
834 3419 1014 3508 transgredi
1031 3437 1268 3506 presumuntur,
1286 3442 1413 3506 semper

266 3507 389 3571 ultione
398 3507 566 3570 celerrima
576 3506 757 3590 expiantur.
771 3507 855 3571 Haec
865 3514 906 3571 de
915 3511 1099 3572 Scottorum
1109 3509 1234 3594 paginis
1244 3524 1276 3573 et
1286 3509 1412 3592 scriptis

265 3596 505 3680 exscripsimus,
517 3593 573 3656 sed
582 3595 658 3678 quia
667 3594 808 3658 seriatim
819 3611 1002 3680 exponente
1010 3598 1185 3682 interprete
1195 3597 1293 3660 verba
1303 3593 1412 3683 singu·

268 3683 299 3745 la
313 3683 467 3769 liquidius
483 3681 658 3746 transferre
674 3683 885 3767 nequivimus,
903 3686 1047 3747 sensibus
1064 3684 1264 3772 explicandis
1281 3707 1410 3769 operam

267 3771 415 3833 dedimus
431 3770 510 3832 etin
527 3769 669 3856 linguam
681 3769 775 3832 istam
792 3772 1023 3835 transtulimus.
1070 3773 1158 3849 Quia
1173 3772 1320 3836 maximis
1337 3773 1413 3834 viris

267 3874 299 3922 et
329 3857 493 3920 nonnullis
525 3855 791 3942 Hybernensium
816 3861 975 3943 episcopis
1002 3862 1226 3943 perorantibus
1251 3862 1292 3925 de
1321 3859 1412 3925 Beati

268 3944 441 4010 Cuthberti
467 3943 628 4008 natalibus
653 3945 809 4026 praeclara
833 3945 980 4032 quaedam
1007 3950 1197 4026 audirimus,
1228 3948 1283 4012 illa
1314 3963 1413 4034 prout

267 4033 376 4097 decuit
399 4034 432 4096 in
456 4033 517 4097 hoo
540 4030 651 4095 libello
674 4034 878 4109 inseruimus,
899 4047 931 4098 et
947 4035 1041 4100 unius
1057 4039 1202 4122 corporis
1219 4037 1355 4124 effigiem
1372 4036 1413 4099 de
1429 4089 1431 4094 .

267 4143 426 4208 compage
449 4137 575 4186 artuum
592 4120 718 4184 diversa
734 4121 964 4208 compegimus.
1013 4125 1099 4201 Quae
1114 4125 1201 4188 enirn
1218 4125 1319 4188 sancti
1331 4146 1414 4210 pon·

266 4207 367 4272 tifices
394 4209 428 4271 in
451 4209 562 4298 lingua
585 4221 695 4272 suaet
717 4221 804 4271 terra
827 4209 867 4272 de
892 4223 980 4274 tanto
1001 4235 1104 4297 puero
1119 4213 1415 4300 legerant-omnino

266 4296 393 4360 silentio
424 4299 549 4382 sepeliri
580 4317 645 4357 non
672 4294 862 4360 debuerant.
916 4298 999 4361 Nam
1023 4301 1158 4364 fortasse
1188 4323 1249 4386 pro
1277 4324 1316 4364 eo
1342 4300 1414 4362 illos

266 4382 356 4450 Deus
379 4385 420 4449 ad
444 4409 503 4449 nos
528 4381 832 4469 venisse‘computit,
849 4386 926 4471 qnia
944 4387 1035 4451 Beati
1053 4387 1226 4451 Cuthberti
1241 4388 1364 4452 natalia
1378 4389 1414 4450 in

264 4473 424 4538 cineribus
448 4469 640 4556 ignorantiae
663 4469 714 4534 vel
737 4469 907 4537 oblivionis
921 4474 1053 4540 sordere
1069 4475 1189 4540 diutius
1206 4473 1320 4543 noluit.
1370 4475 1416 4540 Et
