3132 5286
752 383 846 435 VITA
873 382 1012 436 sanctu

440 547 503 614 cui
518 548 623 613 heras
635 547 715 612 tanti
730 546 842 611 landes
853 545 940 611 canis
956 543 1066 610 omnia
1080 543 1192 623 danti3

337 659 340 664 ·
442 638 553 723 Atque
569 635 670 701 refers
685 647 792 720 grates
807 633 861 720 pie
875 634 962 698 llexo
977 633 1102 718 poplite
1118 645 1215 698 vates.

442 723 507 788 His
523 723 673 811 equidem
688 722 782 787 donis
798 722 829 785 in
846 743 988 786 amorem
1001 720 1179 805 relligionis

441 811 491 878 Ut
506 811 562 876 fax
576 812 724 899 ignescis,
737 823 848 897 pastus
860 809 1043 876 coelestibus
1059 810 1150 873 escis.

444 899 528 964 Esca
539 921 621 964 meae
632 899 747 964 mentis
763 899 805 963 sit
819 895 923 982 gratia
937 895 1200 981 cuncti-potentis
1216 920 1226 974 3

444 987 539 1052 Hanc
551 986 593 1052 de
606 1009 639 1052 se
656 998 774 1071 pascat,
792 1000 828 1050 ut
844 985 933 1072 quod
945 997 1042 1049 nocet
1054 982 1130 1048 inde
1143 983 1292 1050 labescat.

520 1299 637 1385 [car.
655 1297 937 1379 ium-Quarum
951 1301 1117 1364 moncia
1130 1299 1252 1365 meni

447 1520 532 1585 Hinc
547 1522 725 1585 monachus
740 1521 853 1597 iactus,
869 1519 1066 1584 monachiles
1082 1519 1209 1605 perficis
1226 1534 1318 1588 actus
1336 1545 1345 1598 ;

447 1610 648 1674 Conversans
663 1610 772 1696 digne,
793 1605 913 1673 Christi
928 1608 1103 1673 flammaris
1119 1608 1159 1672 ab
1183 1608 1268 1697 igne.

447 1696 497 1763 Ut
512 1696 552 1758 sis
567 1696 730 1784 perfectus
747 1695 896 1781 procedis
912 1695 943 1759 in
968 1695 1231 1780 ante-profectus.

451 1782 623 1848 Deiectum
641 1785 752 1862 nescis,
768 1793 822 1850 sed
837 1806 962 1868 semper
978 1785 1011 1847 in
1024 1783 1136 1848 intima
1151 1783 1287 1868 crescis3

448 1871 498 1936 Ut
510 1882 659 1959 stagnum
675 1873 755 1948 rivo,
769 1869 821 1935 vel
837 1886 969 1956 torpens
985 1870 1067 1956 ignis
1082 1871 1187 1936 olivo:

451 1960 521 2024 Stas
535 1961 696 2042 specimen
712 1982 850 2038 morum,
868 1958 983 2023 doctor
995 1959 1138 2024 doctoris
1153 1982 1274 2026 eorum.

450 2046 570 2111 Subdis
586 2048 700 2133 majori
715 2045 892 2112 castissima
907 2046 1052 2112 membra
1063 2047 1179 2132 rigori:

449 2133 563 2199 Carnis
579 2157 658 2200 cura
672 2135 787 2219 gravis,
804 2132 909 2199 carnis
925 2134 1089 2220 despectio
1104 2137 1231 2212 suavis3

450 2221 567 2310 Fitque
583 2222 642 2288 tibi
656 2246 767 2288 carum
783 2224 871 2310 quod
886 2223 1025 2288 muudus
1037 2223 1127 2288 ducit
1141 2245 1298 2304 amarum,

451 2311 505 2375 Sic
521 2309 636 2399 dignus
652 2310 750 2389 coelis,
768 2333 858 2376 sacer
870 2323 954 2389 actu,
973 2324 1091 2392 mente,
1107 2310 1140 2377 lo
1165 2311 1254 2392 uelis,

453 2398 653 2482 Congressus
670 2400 790 2463 mundo
802 2400 952 2486 pugnasti
967 2399 1030 2463 fine
1046 2333 1200 2466 secundo

453 2485 533 2572 Eja!
562 2486 752 2565 Cuthberte,
770 2486 893 2550 valeam
916 2488 1000 2550 bene
1016 2487 1124 2552 vivere
1145 2510 1205 2573 per
1220 2500 1252 2552 te
1260 2511 1270 2563 ;
1407 2545 1410 2550 ,

455 2571 620 2660 Quicquid
635 2575 719 2638 inest
734 2574 857 2637 mundo
873 2587 1100 2659 contempnere
1115 2575 1215 2640 corde
1227 2575 1395 2661 profundo
1410 2598 1420 2654 ;

451 2661 592 2750 Nonque
608 2661 716 2727 severe
732 2661 809 2738 cuti,
824 2661 879 2748 pia
894 2685 1049 2749 quoerere,
1066 2664 1193 2752 legibus
1208 2665 1254 2730 uti
1269 2688 1278 2742 3

414 2765 416 2777 ·
454 2747 504 2814 Ut
517 2751 622 2815 vivam
637 2749 720 2815 coelo
735 2762 852 2816 conatu
866 2772 994 2835 semper
1009 2752 1137 2820 anhelo.

485 3079 605 3163 [CAP.
626 3081 878 3162 Villa-Quod
890 3083 1032 3163 arpalum
1043 3083 1177 3166 hospitio
1191 3086 1315 3165 recepit.

454 3328 563 3406 Quam
578 3326 656 3392 felix
672 3329 799 3415 hospes,
817 3330 868 3394 cui
884 3344 1017 3396 venerat
1031 3330 1163 3418 angelus
1178 3331 1294 3419 hospes
1308 3332 1316 3397 l

456 3416 587 3482 Plantas
605 3429 638 3480 et
651 3418 772 3502 palmas
789 3418 913 3482 refoves
929 3433 963 3484 et
977 3417 1071 3484 diluis
1087 3418 1208 3495 nhnas3

456 3505 544 3570 Pane
561 3503 649 3568 cibas
665 3504 766 3583 illum,
785 3518 819 3569 tu
835 3529 919 3591 pane
935 3508 1043 3571 cibare
1058 3529 1116 3591 per
1131 3506 1243 3583 illum;

459 3592 549 3656 Pane
558 3591 689 3677 quidem
706 3592 801 3670 trino,
818 3617 900 3680 quos
913 3593 1020 3660 attulit
1034 3617 1053 3657 e
1069 3594 1227 3679 paradiso.

458 3677 544 3744 Lilia
558 3678 698 3744 candore
713 3681 914 3766 praecellunt‚
929 3681 1024 3746 mella
1039 3703 1162 3766 sapore,

457 3767 719 3854 Fragrantesque
734 3793 817 3834 rosae
840 3770 928 3834 suavi
943 3787 1136 3854 superantur
1152 3771 1262 3836 odore.

461 3852 525 3918 His
540 3853 693 3919 invitatus
709 3857 809 3946 magis
822 3857 944 3943 appetis
960 3857 1024 3921 alta
1040 3857 1164 3935 beatus,

460 3942 575 4007 Pastus
592 3955 628 4006 ut
641 3941 675 4007 in
692 3948 783 4010 terris
798 3943 938 4030 paradisi
953 3967 1038 4029 pane
1053 3945 1191 4013 referris

467 4029 588 4095 Christi
604 4033 750 4110 conviva,
768 4031 866 4096 michi
881 4031 941 4111 fer,
958 4044 1044 4118 peto,
1062 4033 1185 4098 fercula
1199 4033 1293 4109 viva;

461 4117 523 4183 Fer
537 4139 644 4204 prece,
660 4143 725 4207 qua
740 4121 852 4207 polles,
868 4122 945 4208 quia
958 4122 1003 4184 sic
1020 4120 1116 4192 michi
1131 4122 1229 4186 noxia
1244 4121 1360 4190 tolles:

460 4206 526 4276 Fac
539 4207 601 4274 vivi
616 4208 706 4294 panis
721 4231 886 4298 nunquam
902 4231 974 4276 mee
988 4230 1079 4274 mens
1094 4209 1136 4276 sit
1150 4208 1267 4278 inanis.
