3094 5292
501 573 611 625 nucrs
639 575 857 625 umnouuu.
1202 559 1250 627 45

114 733 276 815 abstinuit,
287 737 390 801 donec
401 752 562 825 respectus
572 738 679 803 divina
689 739 792 824 gratia
802 738 934 824 resipuit
939 762 948 816 3
961 749 995 804 et
1005 739 1132 804 veniens
1144 737 1176 803 T
1198 759 1251 804 ne-

115 825 278 889 mudtham
305 826 423 889 Sancto
446 827 676 906 reconciliatus,
701 850 809 891 servus
832 827 900 912 ejus
923 828 1055 893 ell'ectus
1070 840 1129 892 est.
1175 763 1250 890 ilos

115 913 299 978 miraculum
324 911 432 999 accepi
455 913 474 977 ὲ
494 915 660 980 monachis
684 914 755 993 loci,
781 914 890 1002 quiin
913 937 1045 1002 corpore
1068 913 1251 980 monasterii

115 996 253 1079 suerunt,
271 1001 398 1088 quando
414 1003 527 1066 crebro
542 1026 687 1068 sermone
704 1025 768 1067 non
780 1015 904 1067 tanturn
919 1003 1004 1088 apud
1016 1027 1083 1079 eos,
1096 1002 1154 1067 sed
1165 1001 1252 1087 apud

115 1088 217 1153 vicina
238 1088 451 1168 monasteria,
469 1090 619 1176 compita,
636 1092 768 1156 castella
783 1105 816 1155 et
833 1093 926 1156 urbes
942 1089 1082 1157 insonuit
1103 1090 1165 1155 hoc
1181 1113 1252 1154 ver-

114 1177 190 1241 bum
206 1190 239 1241 et
254 1177 380 1242 celebre
395 1176 539 1242 habiturn
555 1193 615 1244 est.

115 1439 216 1525 CAP.
240 1439 469 1506 XXXL—De
484 1445 614 1524 quodam
631 1443 801 1524 periqriuo,
818 1445 874 1526 qui
894 1445 981 1524 opud
1001 1439 1122 1505 Novum
1139 1441 1252 1506 Castel-

200 1530 263 1592 lum
284 1529 467 1610 aeqrmabut3
489 1531 635 1612 quomodo
657 1533 690 1593 io
711 1534 835 1607 somnis,
852 1538 1048 1595 commonente
1062 1549 1126 1593 eum
1143 1531 1253 1593 Sancto

119 1683 122 1688 ,
200 1616 343 1698 Aydano,
359 1619 405 1680 ad
428 1617 669 1698 Tynemudtlmm
687 1620 843 1701 prosectru
863 1621 1013 1701 estotim
1034 1619 1159 1681 eccbsid
1176 1618 1251 1698 eius,

200 1705 300 1768 subter
303 1707 457 1786 firetrum
472 1708 580 1786 ipsius,
598 1703 619 1768 d
631 1709 817 1788 pravissimo
831 1707 932 1769 dolore
945 1708 1168 1769 interaneorum
1182 1725 1252 1769 con-

197 1794 285 1856 sinuo
299 1791 457 1856 liberatus.

115 2032 118 2039 ,
161 1963 220 2028 Vir
242 1965 397 2052 quispiam
423 1967 464 2030 de
487 1989 572 2052 pago
597 1966 795 2031 Norwicensi
818 1966 981 2046 oriundus,
1006 1965 1101 2032 tertia
1122 1965 1253 2030 tandem

113 2051 183 2117 vice
207 2076 280 2117 curn
302 2055 343 2118 ab
368 2053 560 2119 lerosolimis
584 2054 616 2118 in
640 2056 790 2140 Angliam
813 2055 942 2133 rediret,
965 2077 1007 2120 ex
1029 2055 1146 2119 insueti
1168 2052 1252 2118 forte

113 2140 178 2214 cibi
199 2139 384 2220 refectione,
401 2142 577 2207 tortionnm
599 2142 847 2207 intolerabilium
869 2144 982 2207 morbo
997 2155 1142 2207 ventrem
1164 2141 1254 2206 dole·

112 2229 192 2305 bat3
215 2252 279 2294 non
295 2229 380 2294 horis
396 2230 565 2308 continuis,
583 2231 640 2294 sed
655 2243 835 2316 temporum
854 2229 1160 2315 interpolationibus.
1209 2229 1253 2293 Et

112 2316 243 2404 quando
258 2330 330 2405 post
345 2331 493 2404 septenos
509 2318 560 2383 vel
578 2318 754 2405 quindenos
769 2318 836 2382 dies
856 2318 935 2383 hora
954 2316 1100 2382 tortionis
1116 2319 1253 2382 advene·

112 2421 176 2484 rat,
190 2405 379 2470 clamoribus
391 2406 493 2470 anxiis
509 2428 573 2470 non
588 2407 690 2471 solnm
702 2405 831 2470 domum
848 2406 880 2469 in
895 2406 959 2493 qua
973 2406 1133 2483 manebat,
1147 2405 1204 2470 sed
1219 2417 1254 2469 et

113 2491 249 2557 vicinam
271 2494 427 2579 replebat.
474 2493 540 2558 Hic
563 2493 605 2559 ad
632 2495 784 2559 Sanctum
800 2494 976 2572 Andream,
994 2493 1048 2580 qui
1071 2493 1103 2556 in
1122 2493 1253 2557 Scothia

113 2594 295 2661 veneratur,
312 2581 374 2645 iter
384 2581 546 2667 arripiens,
563 2582 605 2647 ad
623 2581 752 2646 Novum
768 2580 941 2648 Castellum
955 2580 1041 2669 quod
1051 2604 1146 2667 super
1157 2581 1252 2668 Tync

111 2668 245 2734 fluvium
260 2669 356 2734 situm
370 2684 419 2734 est
434 2671 601 2756 pervenit3
625 2683 659 2734 et
675 2670 705 2733 in
722 2670 886 2758 cujusdam
902 2671 999 2735 domo
1013 2668 1178 2756 municipis
1194 2693 1253 2735 no-

111 2756 198 2822 mine
216 2757 369 2836 Danielis,
385 2757 565 2844 hospitandi
582 2760 685 2842 gratia
699 2757 839 2822 divertit.
887 2759 973 2822 Huic
988 2771 1057 2824 erat
1072 2779 1155 2822 uxor
1169 2757 1254 2822 circa

110 2845 262 2932 frequens
284 2845 446 2931 hospitum
462 2844 669 2910 ministerium
691 2846 732 2910 ad
754 2846 886 2910 modurn
900 2846 1019 2910 devota
1032 2845 1161 2923 semina,
1179 2868 1252 2933 quae

110 2931 322 2998 diversorium
342 2933 503 3021 quoddam
527 2933 740 2999 aedificaverat
762 2956 915 3011 seorsum,
939 2933 980 2998 ad
1004 2932 1165 3019 hospitum
1187 2957 1255 2997 sus-

111 3021 295 3108 ceptionem
310 3021 513 3087 conveuiens
559 3023 598 3087 In
612 3045 678 3109 quo
693 3035 836 3086 taxatum
854 3021 956 3085 virum
971 3021 1203 3099 introduxerat,
1220 3033 1254 3086 et

110 3109 259 3174 manibus
276 3109 410 3196 propriis
426 3108 658 3175 exhibitionem
673 3110 703 3189 ei
719 3109 1006 3175 administraverat.
1054 3109 1160 3174 Nocte
1176 3131 1253 3174 vero

111 3202 314 3287 insequente,
332 3199 412 3263 hora
426 3198 599 3263 tortionum
622 3197 795 3263 adveniens
818 3197 966 3264 miserum
981 3197 1143 3262 hominem
1159 3197 1254 3262 solito
1282 3207 1285 3214 '

110 3290 241 3372 gravius
256 3287 406 3371 angebat,
423 3299 457 3352 et
480 3309 547 3373 prae
563 3286 709 3374 angustia
727 3285 852 3372 spiritirs
868 3287 999 3351 clamori
1014 3285 1167 3350 acerrimo
1183 3286 1254 3350 nul·

110 3375 178 3439 lam
193 3375 291 3439 dabat
313 3374 467 3461 requiem.
515 3373 610 3439 Uxor
632 3376 740 3462 itaque
758 3373 912 3452 Danielis,
930 3375 1019 3458 eujus
1042 3386 1111 3438 erat
1126 3372 1252 3453 domuc,

111 3462 158 3528 ad
181 3474 391 3547 aegrotantem
415 3461 554 3540 veniens,
578 3463 782 3548 benignoque
805 3483 880 3526 eum
906 3461 1072 3524 consolans
1099 3460 1251 3550 alloquio,

111 3552 246 3615 tandem
260 3549 371 3636 pannis
387 3550 513 3635 operuit
526 3573 535 3625 3
558 3561 591 3613 et
610 3563 682 3635 post
698 3549 835 3613 diutinas
851 3548 1022 3626 molestias,
1039 3547 1091 3612 ille
1106 3547 1254 3632 mitigato

111 3639 228 3704 dolore
243 3637 382 3704 dormire
397 3637 505 3722 coepit.
554 3635 597 3701 Et
618 3660 693 3703 ecce
716 3636 748 3700 in
764 3636 830 3701 visu
847 3635 946 3701 astitit
969 3636 999 3702 ei
1014 3636 1063 3699 vir
1078 3635 1181 3700 vultus
1203 3659 1255 3701 re·

110 3726 258 3806 verendi,
274 3726 382 3790 dicens
397 3725 449 3790 ei:
476 3735 497 3767 “
514 3724 571 3789 Vis
587 3727 808 3791 convalescere
831 3724 872 3790 de
894 3725 957 3813 qua
979 3725 1103 3790 laboras
1126 3724 1256 3810 aegritu-

111 3814 191 3880 dine
203 3817 238 3880 ?”
286 3824 308 3856 ‘⁴
324 3812 440 3892 Volo‚''
456 3812 569 3901 inquit,
589 3824 611 3856 “
624 3814 765 3892 domine,
782 3827 816 3878 et
831 3814 981 3878 ardenter
996 3812 1173 3878 desider0.”
1207 3815 1255 3882 At

110 3901 181 3967 ille.
214 3912 235 3943 ‘⁶
245 3903 383 3987 Surgens
396 3924 503 3979 unane,
518 3923 653 3988 propera
667 3901 709 3966 ad
723 3903 875 3988 Sanctum
891 3902 1015 3990 Regem
1029 3915 1061 3966 et
1075 3902 1254 3987 Martyrem

116 3991 294 4069 Oswinum,
312 4003 348 4054 nt
364 3989 459 4054 tertia
472 3989 552 4054 feria
566 3988 711 4075 proxima
730 3991 797 4075 ejus
813 3989 963 4060 merearis
978 3989 1130 4053 interesse
1140 3990 1255 4053 Inven-

111 4079 207 4157 tioni,
224 4092 256 4143 et
279 4079 346 4163 ejus
370 4075 490 4142 meritis
517 4076 595 4141 inibi
618 4091 739 4164 optatae
761 4076 937 4142 restitueris
960 4075 1117 4140 sanitati.’'
1167 4076 1254 4140 Turn

110 4190 214 4252 aeger.
264 4165 381 4242 “Quis
408 4189 453 4244 es,
482 4164 620 4244 domine,
653 4165 709 4253 qui
738 4178 803 4230 tam
832 4165 918 4230 bona
946 4162 1023 4250 mihi
1048 4162 1208 4248 promittis
1217 4165 1254 4229 ?”

112 4253 245 4330 “Quid
268 4255 310 4319 ad
332 4254 397 4333 te,’'
420 4251 534 4341 inquit,
558 4253 630 4318 “de
645 4255 726 4318 me?
749 4253 806 4318 sed
828 4253 911 4318 vade
933 4265 966 4316 et
989 4251 1085 4316 crede
1108 4263 1142 4316 et
1165 4275 1255 4318 sana·

110 4343 231 4408 beris.’'
278 4353 300 4384 “
317 4344 438 4408 Osecro
460 4340 600 4420 domine,
625 4363 665 4405 ne
687 4339 861 4420 irascaris,''
884 4338 997 4427 inquit,
1025 4338 1117 4404 “sed
1138 4363 1256 4406 nomen

112 4445 209 4496 tuum
224 4430 359 4508 insinua,
375 4444 412 4495 ut
430 4429 565 4495 nominis
581 4429 628 4494 tui
643 4429 833 4494 auctoritate
849 4427 890 4493 de
904 4427 1049 4514 promissi
1065 4450 1255 4513 praesumam

110 4519 308 4584 soliditate.”
363 4518 456 4583 Tunc
480 4518 621 4595 tandem,
648 4517 757 4604 “Ego
786 4518 888 4594 sum,''
918 4515 1031 4603 inquit,
1065 4525 1087 4556 “
1103 4516 1254 4604 Aydanus

106 4607 276 4696 quondam
294 4605 403 4672 Sancti
428 4605 526 4691 Regis
542 4624 575 4671 et
600 4605 753 4692 Martyris
773 4603 892 4671 Osvvini
915 4602 1071 4692 pontifex,
1089 4617 1122 4668 et
1138 4606 1205 4690 ejus
1221 4605 1253 4669 in
