3094 5292
524 491 635 541 nncrs
663 475 884 551 nationum
1230 475 1280 542 53

126 653 184 718 virt
199 653 357 739 reptando
373 653 571 718 conscendit.
618 653 706 718 Cu'm·
718 658 831 716 alutem
843 651 879 714 in
892 651 995 716 altare
1008 650 1208 729 consisteret,
1226 651 1283 716 de·

125 737 239 807 bilitas
251 741 310 806 sibi
325 740 470 827 requiem
493 740 709 806 mendicabat.
755 738 905 804 Tandem
920 737 953 802 in
967 761 1002 803 se
1018 761 1173 816 reversus,
1197 739 1283 802 utra

126 846 193 916 que
215 845 315 893 mann
336 830 453 913 pallam
471 829 580 894 Stricti
599 827 751 914 Martyris
774 825 919 910 arripuit,
936 826 1146 913 manibusque
1157 825 1283 896 ‚combi-

126 916 215 981 natis
236 917 351 981 fortius
378 916 525 994 elevavit,
556 915 704 992 attraxit,
731 927 768 979 ut
796 913 906 979 Sancti
935 912 1086 977 scrinium
1115 913 1282 978 decentius

127 1005 285 1088 operiret.
330 1004 419 1067 Dum
442 1020 550 1068 autem
573 1002 684 1066 annisu
707 1001 841 1065 fortiore
865 1001 983 1086 pallam
1004 1001 1163 1066 elevatam
1183 1015 1283 1065 attra—

127 1093 232 1170 heret,
251 1101 293 1156 eri
305 1091 375 1176 ipso
390 1092 468 1155 flatu
484 1090 632 1154 demissos
646 1089 742 1174 pallae
757 1089 847 1152 mirae
863 1087 1028 1153 suavitatis
1038 1089 1119 1153 odor
1135 1111 1281 1172 egressus

128 1194 191 1256 est,
209 1178 264 1265 qui
288 1201 347 1262 per
373 1202 409 1244 os
436 1193 469 1243 et
492 1201 584 1242 nares
601 1178 689 1241 illum
705 1178 837 1253 intrans,
856 1190 961 1240 totum
977 1199 1091 1261 corpus
1107 1179 1175 1262 ejus
1191 1174 1281 1262 quasi

126 1289 194 1343 ros,
212 1266 310 1330 immo
327 1266 400 1330 vere
425 1288 477 1330 ros
500 1266 558 1329 sed
579 1265 705 1329 divinus
721 1263 879 1340 irroravit,
904 1263 1070 1351 ipsumque
1093 1263 1282 1328 mirabiliter

127 1353 267 1430 relecilt
292 1355 339 1418 ite
353 1366 390 1417 ut
406 1361 471 1417 non
482 1353 620 1418 subitam
636 1351 806 1416 sanitatem
822 1364 1024 1439 agnosceret,
1041 1371 1101 1416 nec
1116 1351 1221 1416 adhuc
1234 1349 1281 1413 in-

126 1442 258 1505 firmum
273 1464 342 1506 esse
358 1441 501 1505 sentiret.
548 1441 592 1504 Et
607 1441 681 1525 apte
696 1440 772 1504 satis
786 1440 882 1504 bonae
891 1437 1008 1506 mentis
1024 1439 1170 1516 intentio,
1186 1437 1281 1503 tantis

129 1529 251 1592 meruit
271 1527 387 1592 donari
410 1528 595 1593 muneribus
610 1551 618 1602 ;
643 1550 715 1614 quae
731 1549 795 1590 non
811 1527 913 1590 fidens
929 1526 963 1590 in
985 1526 1127 1604 homine,
1144 1526 1282 1590 nullate-

127 1633 190 1679 nus
206 1615 313 1700 posuit
336 1627 464 1680 carnem
487 1615 653 1680 brachium
668 1637 772 1691 suum,
790 1615 847 1678 sed
863 1613 1003 1700 speravit
1018 1613 1051 1677 in
1068 1612 1210 1678 Domino
1225 1612 1282 1700 qni

128 1703 163 1766 in
182 1701 307 1768 Sanctis
330 1703 456 1788 operari
479 1703 561 1766 mira
582 1723 647 1766 non
670 1702 799 1766 desinit.
848 1702 892 1765 Et
915 1723 1013 1788 quum
1037 1714 1105 1768 erat
1122 1700 1281 1766 Dominus

128 1790 251 1854 fiducia
265 1795 344 1878 ejus,
362 1791 509 1855 misertus
526 1804 575 1854 est
592 1789 683 1854 Deus
695 1790 789 1867 illius,
807 1791 850 1854 ob
865 1789 1079 1876 meritumque
1094 1791 1189 1853 bonae
1204 1783 1282 1854 fidei

131 1879 254 1944 Sancto
269 1893 329 1942 sno
344 1880 510 1955 concessit,
528 1889 564 1942 ut
583 1899 642 1942 rex
664 1878 800 1941 militem
822 1899 916 1941 suum
938 1900 1060 1964 aegrum
1077 1876 1279 1954 incolumem,

129 1983 192 2052 pro
215 1962 381 2050 stipendiis
403 1961 536 2044 militiae,
554 1964 652 2030 celeri
672 1965 809 2028 sanitate
833 1965 990 2041 donaretr
1014 1965 1046 2029 in
1069 1965 1158 2050 cujus
1174 1976 1283 2028 tamen

129 2052 309 2118 subtilitate
325 2053 469 2131 misterii,
486 2067 619 2138 operata
641 2066 691 2117 est
710 2052 872 2116 subtiliter
890 2052 1027 2117 mutatio
1042 2053 1188 2117 dexterae
1215 2052 1283 2115 Ex-

130 2141 220 2204 celsi.
266 2141 540 2228 Descendensque
559 2141 601 2206 ab
623 2139 718 2203 altari
733 2162 826 2202 novae
841 2140 951 2203 salutis
975 2140 1112 2217 nescius,
1129 2140 1279 2225 psalmon,

130 2241 212 2328 quos
239 2249 298 2378 pro
327 2228 480 2316 Martyris
504 2227 656 2314 obsequio
677 2227 852 2304 dimiserat,
869 2226 1008 2311 repetiit.
1056 2229 1181 2292 Locum
1197 2227 1283 2292 enirn

129 2329 242 2400 signat
257 2328 281 2393 t,
306 2333 380 2380 cnm
404 2316 437 2378 in
468 2316 568 2379 altare
599 2315 845 2379 conscenderet.
907 2316 990 2380 Cum
1014 2329 1123 2380 autem
1149 2316 1283 2382 cosdem

129 2405 275 2480 iteraret,
292 2403 435 2488 repperit
457 2423 491 2468 se
514 2423 583 2468 esse
606 2401 690 2466 inter
704 2403 763 2466 bos
779 2403 861 2466 duos
876 2402 1024 2487 psalmos,
1073 2406 1176 2483 Quam
1191 2407 1285 2472 ὀονιηε

130 2492 238 2555 Istud
251 2495 350 2569 Dan,
368 2503 412 2569 et,
435 2493 477 2557 Ut
489 2494 567 2574 qaid
580 2489 690 2555 Deus.-
714 2491 863 2576 quatinus
883 2492 982 2556 frater
1002 2490 1055 2556 ille
1079 2492 1281 2576 perpendens

131 2593 177 2643 ex
200 2578 303 2643 salute
326 2580 488 2664 percepti,
506 2599 602 2666 quam
624 2578 727 2641 bonus
746 2578 835 2642 Deus
858 2578 957 2643 Israel
976 2579 1073 2644 suerit
1089 2579 1131 2657 ei,
1149 2579 1282 2645 ulterius

132 2681 286 2753 tanquam
299 2665 468 2751 inportune
480 2685 545 2730 non
554 2666 689 2742 diceret,
705 2668 780 2730 “Ut
793 2670 870 2749 qaid
882 2671 969 2732 Deua
980 2672 1122 2748 repulisti
1132 2671 1281 2750 institero,

132 2767 223 2818 meas
234 2749 354 2817 scilicet
369 2771 486 2838 preces¹
496 2775 555 2838 pro
570 2753 673 2818 salute
689 2754 791 2830 med,''
807 2751 908 2818 sciens
924 2776 982 2837 per
999 2755 1153 2839 Martyris
1168 2755 1284 2820 merita

86 2863 92 2874 ·
135 2857 172 2906 se
187 2841 359 2905 efficaciter
374 2840 573 2905 exauditum.
617 2840 655 2903 In
666 2861 701 2904 se
712 2861 790 2924 ergo
799 2859 956 2917 reversus,
970 2841 1189 2924 evangelicum
1201 2841 1283 2906 illud

134 2929 337 3006 memoravit,
355 2928 430 3014 quia
445 2928 558 2994 decem
580 2926 726 2991 mundati
745 2941 829 3004 sunt,
854 2949 927 2992 cum
943 2928 1121 3012 alienigeni
1141 2929 1281 3008 rediens,

136 3017 213 3081 Deo
237 3030 271 3080 et
291 3017 410 3080 Sancto
436 3017 505 3100 ejus
529 3014 698 3103 magnifice
721 3015 840 3099 gratias
866 3016 956 3105 egit:
980 3030 1013 3081 et
1036 3016 1082 3080 ita
1103 3039 1176 3080 cum
1199 3031 1285 3082 esset

132 3104 240 3168 sactus
264 3123 384 3188 sospes,
405 3102 539 3168 ulterius
566 3103 651 3166 nulla
675 3125 749 3166 eum
771 3103 914 3188 pristinae
934 3103 1124 3168 infirmitatis
1139 3105 1285 3170 molestia

133 3191 348 3255 contristavit.
407 3193 491 3256 Cum
515 3203 623 3255 antem
649 3204 722 3275 post
745 3191 879 3255 fratrum
894 3191 1102 3256 refectionem
1119 3191 1218 3256 frater
1232 3192 1285 3258 ille

134 3279 296 3356 reliceret,
313 3279 415 3343 visum
431 3293 479 3343 est
494 3277 536 3356 ei,
554 3279 630 3365 qnia
645 3278 796 3364 quicquid
812 3278 866 3341 illo
880 3279 934 3342 die
950 3280 1151 3356 comedebat,
1168 3280 1285 3344 eodem

133 3367 235 3430 suerit
261 3366 399 3430 mirabili
423 3366 607 3430 confectum
631 3366 744 3430 odore.
794 3366 891 3430 Unde
914 3387 981 3450 prae
1004 3366 1101 3430 nimii
1120 3367 1285 3430 suavitatis

135 3454 312 3538 fragranti&
327 3454 432 3518 laetior
446 3455 592 3530 edictus,
609 3469 739 3537 sumpto
754 3451 878 3516 avidius
890 3452 963 3517 cibo
975 3453 1146 3538 plurimum
1159 3455 1288 3517 confor-

135 3555 223 3606 tatus
245 3553 306 3605 est.
352 3543 428 3626 Ipso
443 3555 551 3605 antem
567 3553 712 3625 tempore
736 3539 836 3603 frater
858 3540 942 3604 idem
959 3543 1052 3630 guttai
1066 3539 1206 3626 graviori
1221 3554 1288 3605 tor-

136 3631 301 3730 quebatur
316 3627 348 3692 in
364 3629 504 3705 renibus,
521 3627 534 3690 i
555 3629 651 3715 seque
662 3627 889 3707 invalescente,
907 3628 1131 3714 supplicationi
1146 3629 1284 3706 letaniae,

137 3717 215 3781 licet
232 3717 296 3793 vix,
313 3731 422 3780 tamen
439 3733 511 3782 cunr
527 3649 678 3780 iiatribus
694 3715 849 3780 interfuit.
904 3715 1091 3804 Dolensque
1109 3715 1287 3781 Dominum

138 3820 173 3868 et
191 3805 347 3868 Sanctum
361 3804 429 3888 ejus
446 3805 637 3888 precabatur
653 3802 774 3879 dicens,
801 3813 823 3844 “
841 3804 959 3870 Sancte
985 3804 1125 3883 Oswine,
1141 3805 1225 3869 bene
1241 3804 1289 3870 se-

138 3891 212 3956 cisti
238 3892 315 3955 mihi
342 3891 469 3955 redditis
493 3891 626 3976 pristini
649 3891 800 3967 sanitate3
824 3908 969 3976 superest
987 3906 1094 3956 autem
1111 3905 1148 3956 ut
1163 3913 1201 3956 ea
1216 3916 1289 3978 quae

138 3980 224 4044 bene
251 3977 386 4063 coepisti,
408 3979 473 4043 fine
499 3979 659 4063 compleas
682 3978 829 4042 meliori:
854 3981 895 4044 ab
919 3979 980 4043 hoc
1006 4003 1084 4063 ergo
1111 3978 1290 4044 imminenti

139 4067 254 4130 dolore
276 4067 378 4130 libera
400 4086 452 4130 me
477 4066 648 4130 Domine.''
696 4065 810 4142 Dixit3
834 4080 866 4130 et
888 4066 1127 4130 cumfratribus
1148 4067 1291 4132 sesevix

134 4153 314 4240 ⁴prostravit
329 4154 370 4218 de
399 4153 508 4218 Sancti
532 4173 728 4238 praesumens
744 4153 876 4229 meritis,
893 4153 1188 4239 supplicationeque
1204 4175 1292 4219 corri-

139 4241 230 4326 piet&
245 4241 394 4319 surrexit,
411 4254 446 4304 et
461 4241 550 4305 nulla
561 4241 593 4304 in
616 4264 650 4305 se
666 4241 808 4326 pristinae
825 4239 1016 4305 infirmitatis
1031 4241 1168 4326 vestigia
1178 4243 1291 4309 sensit.

75 4367 78 4372 ·
144 4326 212 4392 Sed
227 4348 287 4392 nec
303 4327 418 4414 ipsum,
429 4343 466 4393 ut
481 4347 595 4414 postca
609 4343 804 4413 protestatus
820 4341 881 4405 est,
895 4327 949 4392 illa
963 4329 1124 4412 aegritudo
1138 4328 1171 4392 in
1183 4330 1291 4418 aliquo

139 4414 353 4492 contristavit,
370 4415 617 4504 necquicquam
639 4415 795 4480 molestiae
819 4415 937 4478 intulit.
983 4416 1018 4481 Ὀ
1041 4416 1201 4481 medicum
1222 4419 1292 4483 sold

133 4505 237 4568 bonae
251 4503 368 4568 inentis
384 4503 560 4570 intentione
576 4503 748 4582 devictum,
761 4502 818 4589 qui
831 4524 889 4587 pro
907 4515 1005 4568 tantae
1021 4503 1185 4590 parvitatis
1199 4507 1291 4570 obse-
