3094 5292
489 541 600 592 asom
628 543 850 594 naraonuu.
1196 529 1245 594 15

94 703 213 770 intulit.
234 705 238 712 ’
262 700 361 776 Quod
376 700 485 766 videns
501 703 684 768 veneranda
701 702 874 784 comitissa
888 715 922 768 et
937 703 1027 788 plebs
1043 702 1111 788 igni
1123 703 1249 772 circun-

93 806 181 856 stans
203 790 380 866 innumera,
405 789 447 852 de
473 790 626 875 Martyris
650 789 766 855 merito
789 790 908 856 certior
930 805 980 854 est
1004 791 1131 870 effecta,
1156 804 1190 858 et
1214 793 1247 856 in

95 878 273 963 gratiarnm
281 875 507 962 prosecutione
520 876 724 951 devotissimi·
744 878 902 944 revoluta.
965 877 1103 944 Thostio
1119 877 1248 944 Comite

85 966 286 1051 proscripto,
300 963 472 1028 haereditas
488 964 726 1049 ejusdevoluta
741 976 791 1028 est
801 964 842 1028 ad
857 966 971 1030 fiscum
983 967 1119 1048 regium.
1165 966 1249 1050 Sub-

86 1056 169 1121 acta
191 1074 269 1116 vero
295 1050 411 1135 anglia
431 1049 641 1129 'Normannis
659 1064 693 1115 et
719 1051 877 1116 Willebno
903 1051 1141 1117 Normanorum
1164 1053 1249 1118 duce

84 1139 129 1202 ‚in
159 1161 193 1202 re
217 1161 269 1202 ern
300 1137 481 1222 Anglorum
510 1150 708 1215 consecrato,
739 1151 874 1223 accepto
901 1153 1047 1222 tempore
1075 1139 1249 1204 comitatus

98 1224 193 1302 Nord
236 1225 444 1311 nymbrorum
475 1224 559 1309 regis
589 1225 809 1289 munificentia
835 1223 929 1292 datus
956 1238 1005 1290 est
1033 1225 1180 1291 Roberto
1206 1226 1249 1298 de

98 1312 265 1399 Mulbray,
282 1312 351 1376 viro
369 1325 541 1376 stematum
563 1311 660 1396 louge
681 1311 764 1376 serie
787 1333 957 1396 generoso,
981 1313 1104 1378 statura
1118 1312 1250 1399 quidem

96 1421 246 1486 procero,
266 1413 300 1464 et
322 1398 466 1463 militaris
488 1398 657 1484 probitatis
679 1399 842 1487 elegantia
863 1399 1016 1487 glorioso·
1064 1399 1127 1464 Hic
1151 1399 1249 1484 coepit

100 1488 256 1551 Sanctum
275 1485 399 1570 Regem
414 1499 447 1550 et
465 1486 643 1571 Martyrem
662 1485 826 1550 Oswinum
842 1487 971 1550 eximiae
983 1486 1163 1554 devotionis
1179 1485 1252 1552 dili·

97 1572 208 1658 gentia
222 1573 382 1650 excolere,
399 1587 433 1637 et
456 1573 623 1638 ecclesiam
647 1572 681 1637 in
702 1574 765 1659 qual
787 1572 1020 1638 sanctissimum
1042 1575 1111 1658 ejus
1134 1595 1249 1658 corpus

97 1660 330 1748 requiescebat,
359 1661 434 1746 quia
456 1659 538 1724 infra
560 1660 717 1725 ambitum
739 1659 835 1726 castri
861 1661 930 1744 ejus
956 1662 991 1724 in
1018 1660 1251 1744 Tynemudtbs

85 1747 335 1824 continebatur,
354 1747 527 1812 fundorum
554 1761 588 1811 et
614 1746 810 1832 praediorum
833 1747 927 1831 copia
950 1747 1076 1825 ditavit,
1105 1760 1139 1812 et
1165 1746 1250 1812 viros

97 1834 267 1899 monastici
289 1834 420 1911 ordinis,
437 1835 478 1898 de
492 1836 687 1898 monasterio
706 1834 815 1899 Sancti
833 1834 950 1900 Albani
975 1833 1154 1918 Anglorum
1175 1856 1252 1919 pro·

98 1921 304 2007 thomartyris
327 1934 518 2007 assumptos,
546 1921 624 1986 inibi
646 1921 827 1998 collocavit,
856 1921 911 2007 qui
941 1921 1070 1988 nomine
1101 1922 1251 1994 Priorum

98 2010 297 2094 prefuerunt
311 2008 551 2086 monasterium,
569 2008 600 2072 in
618 2031 683 2095 qno
698 2009 797 2074 modb
818 2009 990 2096 requiescit
1017 2009 1152 2074 Sanctus
1178 2009 1251 2073 Rex

99 2109 133 2160 et
151 2096 278 2182 Martyr
296 2094 453 2160 Oswinus.
493 2097 602 2181 Cujus
617 2109 725 2160 tamen
740 2095 941 2160 fundamenti
955 2096 1055 2172 initia,
1071 2109 1106 2160 ut
1120 2095 1250 2174 dicitnr,

102 2185 220 2248 Comes
235 2181 389 2246 Thestius
401 2183 536 2266 jecerat,
552 2185 569 2246 a
586 2183 801 2246 fundamentis
814 2182 1067 2247 aedificaverunt.
1093 2184 1254 2248 Consum·

98 2282 188 2333 mato
204 2292 281 2333 vero
296 2269 482 2332 monasterii
498 2267 574 2332 novi
590 2268 738 2346 aedificio,
753 2268 910 2353 gloriosus
928 2269 1056 2355 Martyr
1068 2271 1109 2334 ab
1121 2269 1252 2355 entique

99 2356 245 2434 ecclesia,
262 2356 295 2418 in
310 2357 374 2443 que
388 2356 551 2422 celebrato
567 2355 720 2441 martyrio
735 2356 884 2420 humatus
899 2355 1015 2433 fuerat,
1033 2369 1067 2420 et
1082 2359 1123 2423 ab
1138 2356 1253 2441 AEgel-

100 2443 185 2508 wino
207 2444 344 2528 praesule
366 2443 525 2521 inventus,
550 2443 721 2507 translatus
744 2443 848 2508 estin
871 2444 1099 2510 monasterium
1122 2466 1251 2521 novum,

100 2544 136 2595 et
151 2530 266 2594 scrinio
282 2553 368 2594 novo
384 2543 475 2594 tanto
492 2530 632 2616 Martyri
647 2529 746 2632 digno
757 2530 942 2596 solemniter
954 2531 1149 2608 reconditus,
1168 2553 1253 2594 anno

101 2620 143 2683 ab
173 2617 391 2682 incarnatione
423 2617 558 2682 Domini
587 2616 755 2682 millesrmo
785 2617 960 2683 centesimo
990 2619 1102 2697 tercio,
1127 2619 1255 2692 decimo

105 2705 326 2770 Kalendarum
346 2704 595 2790 Septembrium,
613 2704 665 2768 die
681 2704 840 2770 vedelicet
854 2705 1007 2790 passionis
1022 2709 1102 2792 ejus.
1151 2706 1256 2770 Inter-

101 2793 234 2857 fuernnt
244 2809 359 2856 autem
373 2792 565 2856 venerandae
580 2791 780 2856 translationi
798 2791 873 2857 huic
889 2792 1116 2858 Duuelmensis
1131 2792 1255 2876 episcc-

102 2902 164 2965 pns
179 2879 369 2957 Rannnlfm,
386 2880 485 2944 abbas
501 2877 685 2942 monasterii
706 2878 815 2943 Sancti
832 2879 951 2946 Albani
969 2879 1137 2956 Ricardus,
1153 2880 1255 2946 abbas

105 2965 353 3032 salesberiensis
381 2967 491 3050 Hugo,
517 2978 551 3030 et
573 2965 745 3029 innumera
769 2965 939 3050 promiscui
959 2967 1062 3031 ⁴sends
1087 2980 1121 3030 et
1147 2965 1253 3036 etatis

104 3053 231 3119 diversa
252 3053 438 3132 multitudo,
455 3054 585 3140 quaeda
608 3052 740 3117 remotis
756 3067 789 3117 et
804 3052 914 3120 vicinis
937 3053 1081 3139 partibus
1103 3054 1145 3118 ad
1168 3053 1254 3119 diem

104 3153 311 3219 convenerat,
329 3153 433 3208 tracta
452 3140 655 3206 celebrandae
674 3140 888 3206 translationis
903 3141 1090 3208 devotione.
1135 3142 1256 3208 Jocun·

101 3228 217 3294 demur
231 3227 340 3380 itappe
356 3228 388 3292 in
404 3228 547 3292 Domino
558 3227 769 3305 dilectissimi,
786 3241 821 3292 et
842 3229 960 3296 iterata
977 3228 1087 3298 Sancti
1105 3228 1204 3380 Regis
1220 3239 1254 3300 st

104 3315 259 3402 llrlartyris
311 3315 569 3382 swinisolenmia
583 3314 782 3400 propensiori
797 3316 874 3380 cure
888 3317 1099 3383 celebremus.
1181 3338 1256 3390 mne

101 3402 246 3467 tristiciae
270 3403 503 3490 proscribamus
519 3402 675 3479 nubilum,
692 3403 749 3466 ubi
763 3425 884 3468 cuneus
900 3403 1055 3472 virtutum
1070 3402 1256 3487 multiplicis

100 3490 259 3555 instaurat
272 3489 391 3555 leticiae
406 3513 564 3556 serenum.
613 3489 650 3554 In
663 3511 780 3553 sereno
794 3489 900 3574 posita
913 3489 1066 3576 Martyris
1081 3489 1195 3574 gloria,
1212 3489 1255 3564 ad

101 3577 240 3663 paradisi
256 3599 405 3642 serenum
416 3600 475 3642 suo
489 3576 771 3661 invitatexemplo
782 3575 919 3644 divitum
933 3575 1032 3642 milia.
1080 3576 1156 3644 Non
1168 3577 1255 3641 enim

100 3665 278 3729 sanctitatis
301 3687 469 3753 aggressus
492 3679 542 3730 est
564 3665 660 3742 viam,
677 3663 875 3750 paupertatis
897 3680 1027 3732 coactus
1050 3666 1254 3744 necessitate,

101 3752 165 3830 vel,
183 3767 220 3816 ut
243 3753 314 3817 fieri
328 3753 456 3831 assolet,
474 3751 675 3841 aegritudinis
691 3751 901 3817 invalitudine
915 3775 924 3828 ;
947 3752 1005 3818 sed
1020 3753 1087 3818 sold
1102 3751 1258 3818 creatoris

101 3839 202 3924 gratis
226 3839 336 3904 dilecti
367 3852 486 3904 tractus
513 3838 796 3925 contemplatione,
821 3838 901 3906 vixit
931 3840 965 3904 in
994 3841 1136 3926 purpura
1165 3862 1256 3905 more

102 3927 224 4005 David,
239 3940 405 4012 pauperet
422 3927 553 4003 dolens3
568 3949 692 4013 pauper
706 3927 830 4011 spiritu,
844 3927 960 3992 divitiis
973 3941 1007 3991 et
1022 3927 1143 3992 deliciis
1158 3927 1257 4012 regiis

100 4014 275 4092 affluebat3
298 4015 357 4079 sed
378 4014 489 4079 dolens
509 4014 546 4094 ¹in
567 4013 695 4099 spiritu,
709 4014 805 4080 rebus
821 4014 1026 4080 affluentibus
1041 4037 1097 4082 cor
1119 4036 1183 4078 non
1199 4037 1258 4099 ap·

100 4103 256 4187 ponebat.
314 4101 446 4176 Quanto
473 4103 559 4166 enim
583 4100 683 4186 magis
710 4101 809 4186 copiis
839 4102 1002 4181 affluebat,
1031 4115 1123 4168 tanto
1152 4101 1258 4166 minus

18 4207 30 4217 ·
100 4188 268 4254 desideriis
295 4189 458 4254 effluebat.
504 4190 544 4253 In
569 4189 677 4252 medio
701 4188 991 4275 circumstrepentis
1015 4189 1156 4266 familiae,
1182 4211 1258 4276 qnae

100 4290 172 4341 erat
187 4276 219 4340 ei
234 4277 336 4340 multa
349 4276 453 4355 nimis,
471 4275 633 4360 elongavit
648 4275 794 4360 fugiens3
816 4291 850 4342 et
869 4278 985 4343 mansit
1004 4278 1119 4344 mentis
1134 4277 1168 4340 in
1183 4277 1259 4342 soli·

100 4364 226 4442 tudine,
258 4363 500 4451 frequentatum
529 4365 747 4451 subjectarum
777 4363 837 4429 sibi
866 4365 1008 4449 plebium
1038 4364 1258 4430 multitudine.

104 4451 196 4516 Sicut
212 4451 305 4535 regni
320 4451 461 4540 dignitas
478 4453 642 4538 exigebat,
658 4450 735 4515 foris
751 4473 785 4516 se
801 4454 941 4536 agebat3
957 4453 1017 4522 sed
1032 4453 1166 4518 affectus
1182 4474 1257 4524 suos

98 4539 186 4606 intus
199 4560 327 4623 regens,
345 4539 478 4608 viriliter
493 4539 525 4605 in
536 4539 726 4618 buarilitatis
736 4552 772 4606 et
786 4540 985 4629 paupertatis
997 4562 1108 4608 amore
1124 4561 1259 4606 exerce·
