3094 5292
292 458 345 534 46
738 486 829 534 vira
857 485 996 546 oswrnr,

290 646 537 730 presentiarum.
544 647 677 714 clericus
687 648 835 724 devotus.
862 645 904 714 Et
917 647 992 734 quia
1004 658 1151 735 ventrem⁵
1160 643 1277 730 pariter
1290 657 1323 709 et
1334 656 1436 730 capnt

290 733 392 811 doles,
410 748 446 799 ut
461 733 502 798 de
518 735 636 798 ventris
655 759 713 822 per
736 737 873 801 Beatum
892 735 1054 801 Oswinum
1070 733 1251 820 praestaudu
1265 735 1447 797 curatione'

290 817 564 902 securus'existas,
581 847 643 908 ego
659 822 769 909 capitis
789 823 836 888 tui
856 823 1001 888 dolorem
1019 821 1115 908 abigo
1131 834 1218 886 tactu
1234 822 1337 886 me0.”
1386 821 1435 885 Et

290 909 360 974 haec
376 909 497 990 dicens,
514 933 626 976 nasum
641 911 788 997 patientis
805 912 974 976 contractis
987 910 1093 996 digitis
1109 909 1226 974 arctius
1242 909 1380 988 strinxit,
1395 921 1434 973 et

290 995 456 1082 disparuit.
504 999 631 1084 Hospes
647 1014 754 1074 autem
768 999 937 1089 languidus
960 997 1141 1088 stringentis
1157 997 1261 1062 officio
1276 1003 1434 1061 excussus

289 1099 338 1148 est
364 1108 487 1163 somno,
515 1100 549 1151 et
575 1089 779 1152 exuberantis
806 1086 964 1176 sanguinis
991 1109 1050 1172 per
1074 1093 1166 1152 nares
1192 1086 1441 1171 prorumpentis

287 1173 484 1238 madefactus
494 1189 543 1240 est
558 1176 725 1259 profluvio.
774 1176 817 1240 Et
832 1199 905 1263 quae
920 1175 962 1240 ad
984 1174 1052 1260 ejus
1071 1173 1259 1274 obsequium
1274 1172 1435 1258 deputata

289 1273 338 1324 est
353 1262 477 1340 ancilla,
502 1263 615 1326 acriori
637 1264 775 1328 clamore
797 1264 965 1342 advocans,
985 1273 1007 1304 “
1025 1263 1145 1340 Voca,’'
1160 1260 1273 1348 mquit,
1293 1260 1435 1325 “domi-

288 1370 366 1434 num
380 1363 413 1428 et
428 1349 589 1436 dominam
605 1353 723 1415 tuam.''
772 1350 897 1426 Quibus
912 1351 954 1434 ad
969 1373 1043 1415 eum
1057 1349 1216 1436 ingressis,
1235 1358 1261 1422 ‘.‘.
1271 1349 1433 1427 Vocate,'’

288 1435 401 1538 inquit,
421 1447 443 1496 t‘
453 1439 652 1522 sacerdotem
666 1439 758 1526 hujus
773 1438 933 1525 parochiae
945 1454 979 1503 et
990 1439 1126 1524 majores
1138 1447 1215 1502 natu
1227 1437 1319 1524 hujus
1330 1437 1432 1515 villae,

287 1524 409 1610 stipsis
426 1526 559 1592 testibus
574 1527 719 1598 narrabo
734 1527 849 1592 seriem
870 1526 996 1592 visionis
1013 1528 1124 1592 meae.”
1170 1529 1292 1590 Assunt
1308 1525 1430 1604 vocati,

287 1625 321 1683 et
337 1611 471 1702 audiunt
485 1610 669 1680 narrantem
684 1614 839 1682 mirabilia
858 1615 933 1680 Dei.
981 1615 1024 1679 Et
1039 1614 1197 1699 completa
1212 1612 1339 1678 visionis
1353 1635 1435 1678 nar-

286 1700 423 1779 ratione,
443 1700 530 1768 “De
550 1697 668 1768 Sancto
686 1701 796 1788 Rege''
812 1703 915 1789 inquit
939 1713 961 1745 “
976 1702 1105 1768 Oswino
1129 1697 1283 1770 nonnulla
1304 1701 1434 1777 dudum

287 1788 462 1867 audieram,
479 1790 537 1854 sed
563 1791 671 1855 Sancti
695 1792 823 1879 Aydani
838 1791 979 1877 episcopi
993 1804 1089 1855 antea
1103 1813 1163 1854 nec
1179 1797 1296 1853 nomen
1312 1789 1352 1853 ad
1373 1812 1434 1856 me

285 1890 488 1962 pervenerat.
535 1877 613 1966 Ejus
629 1892 735 1944 tamen
751 1879 906 1954 beneficio
921 1891 1017 1964 caput
1034 1879 1102 1964 jam
1117 1900 1181 1941 non
1203 1878 1309 1954 doleo,
1326 1890 1359 1944 et
1384 1877 1433 1943 de

285 1964 460 2032 tortiouum
476 1966 561 2054 cura,
579 1989 657 2054 quas
680 1965 712 2030 in
731 1979 844 2052 ventre
859 1991 932 2035 meo
955 1958 1069 2052 patior,
1086 1988 1144 2053 per
1170 1964 1306 2030 Beatum
1325 1963 1436 2030 Oswi-

285 2075 363 2126 num
377 2050 558 2142 praestand'l
573 2077 638 2120 non
653 2054 774 2133 diffido,
791 2055 846 2119 sed
866 2053 1002 2146 qualiter
1017 2055 1058 2118 ad
1074 2076 1148 2120 eum
1163 2053 1345 2138 perveniam
1360 2050 1435 2126 non'

285 2141 392 2223 video.
440 2141 512 2230 Ego
527 2131 612 2208 enim
634 2143 732 2230 pedes
755 2143 801 2207 ire
825 2166 889 2210 non
909 2144 1010 2221 valeo,
1027 2157 1061 2207 et
1076 2138 1256 2206 vehiculum
1271 2164 1335 2238 quo
1349 2153 1436 2205 οοῐι-Ι

286 2229 385 2312 ducar
408 2252 472 2294 non
494 2229 628 2295 habeo.'’
677 2231 818 2296 Audiens
842 2231 912 2296 lvaec
935 2232 1047 2318 aliquis
1071 2230 1111 2295 de
1134 2225 1431 2308 circumstantibuS,

288 2327 310 2370 εί
326 2317 397 2407 Ego
413 2320 476 2396 te,'’
492 2313 604 2418 inquit,
616 2328 645 2398 ,“
658 2342 783 2385 mecum
805 2319 902 2404 gratis
926 2319 958 2383 in
980 2319 1125 2383 navicula
1140 2318 1211 2382 meu
1226 2316 1369 2404 deferam
1384 2319 1435 2383 ad

289 2405 442 2488 Sanctum
460 2405 653 2472 Oswmum.”
702 2405 767 2482 Qui
783 2408 896 2472 eadem
919 2405 981 2485 die,
998 2405 1032 2471 id
1047 2411 1096 2473 'est
1111 2405 1249 2470 secunda
1263 2403 1350 2483 feria,
1367 2407 1435 2474 nass

285 2491 442 2578 vigentes,
460 2488 881 2579 veniunt'Tynemudtham,
899 2494 950 2558 die
968 2507 1086 2558 sanctae
1102 2492 1310 2582 Inventionis.
1358 2493 1434 2558 Sed

284 2577 364 2663 horu
378 2582 441 2668 qua
456 2580 569 2668 fratres
582 2580 613 2644 in
629 2582 768 2666 capitulo
783 2583 975 2666 residebant,
990 2582 1031 2646 ad
1046 2582 1190 2646 tumbam
1209 2581 1318 2646 Sancti
1335 2581 1435 2646 Marss

284 2667 363 2754 tyris
383 2660 585 2769 perveniunt,
603 2665 658 2734 ubi
680 2683 848 2758 postquam
860 2663 978 2744 diutius
993 2681 1028 2748 et
1043 2665 1190 2734 devotius
1206 2685 1352 2734 oraverat
1368 2669 1433 2756 qui

283 2757 452 2846 langradus
474 2751 659 2844 advenerat,
682 2757 770 2832 velut
794 2757 884 2824 siccis
906 2758 939 2822 in
961 2783 1002 2824 eo
1024 2757 1193 2822 confractis
1216 2756 1433 2824 arundinibus

284 2859 397 2930 ventre
416 2845 484 2930 ejus
499 2841 660 2938 fragorem
684 2848 825 2920 crebrius
840 2847 1018 2925 emittente,
1044 2847 1085 2911 ad
1107 2843 1300 2918 audientiam
1321 2847 1433 2931 usque

281 2933 514 3018 ,circumstantis
537 2927 651 3022 turbae,
669 2935 735 3000 tam
757 2935 972 3017 ministrorum
994 2932 1149 3013 eeclesiae,
1174 2956 1269 3021 quam
1289 2933 1433 3000 aliorum

280 3021 337 3108 gui
353 3021 409 3086 illo
424 3021 528 3108 gratia
541 3020 688 3086 solemnis
698 3016 770 3087 ¹diei
784 3025 1008 3102 convenerant,
1024 3022 1132 3107 fragor
1147 3022 1199 3086 ille
1215 3017 1265 3086 est
1279 3021 1430 3101 diffusus,

279 3108 371 3196 ‚quod
387 3131 496 3173 eorum
513 3107 546 3172 in
561 3108 770 3195 admiratione
785 3111 992 3175 convertitur.
1041 3110 1106 3174 Sed
1125 3109 1208 3174 inter
1226 3106 1312 3173 mille
1328 3113 1432 3175 sauu's

279 3196 429 3282 auriliana,
446 3196 523 3284 quid
546 3193 799 3286 strepitusquasi
821 3198 982 3276 aridorum
1004 3198 1163 3284 lignorum
1185 3199 1210 3262 si
1236 3197 1431 3277 nificaverit,

279 3285 480 3385 proclamare
503 3278 599 3370 coepit
622 3277 741 3354 dicens.
788 3296 810 3327 ‘⁶
823 3285 908 3352 Ecce
925 3287 989 3374 Dei
1005 3300 1038 3350 et
1060 3285 1168 3350 Sancti
1185 3222 1337 3374 lli-smyris
1353 3285 1431 3370 ejus

279 3374 394 3463 gratia,
412 3373 453 3438 ad
468 3371 625 3461 integram
641 3373 808 3458 sanitatem
823 3376 913 3440 tanta
928 3374 1092 3439 alacritate
1105 3370 1272 3460 restitutus
1288 3375 1368 3452 suni,
1386 3389 1433 3441 ut

278 3455 519 3548 ,videaturmilri
557 3460 622 3538 uod
636 3462 753 3547 possim
768 3460 905 3542 volare.”
953 3463 996 3527 Et
1019 3462 1085 3548 ipse
1100 3467 1174 3548 post
1189 3462 1357 3538 sanitatem
1371 3473 1433 3526 re’-
1466 3505 1470 3512 ·

275 3563 418 3636 ceptam,
434 3545 522 3638 apud
572 3547 700 3618 anctum
719 3551 879 3630 Andream
902 3550 962 3616 iter
985 3573 1077 3614 snum
1093 3573 1166 3614 cum
1181 3551 1295 3636 magna
1309 3547 1432 3624 laetitia⁴

282 3638 389 3723 statim
405 3639 553 3723 suscepit.
601 3637 683 3718 Haec
698 3637 774 3702 mihi
790 3637 938 3703 scribenti
957 3651 1164 3724 narraverunt
1185 3633 1282 3727 aliqui
1297 3637 1339 3702 de'
1354 3661 1431 3702 mo-

279 3725 390 3812 nachis
406 3724 518 3820 Sancti
538 3725 742 3818 Osvvini„qpi
757 3726 790 3802 id
805 3739 996 3812 acceperunt
1011 3725 1111 3812 abhis
1125 3726 1181 3814 'qui
1196 3725 1429 3798 interfuerunt.

256 4073 261 4080 .
283 3992 382 4076 CAP.
399 3992 739 4084 XXXILffQuuliter
753 3993 917 4065 monachus
930 3995 1067 4076 quidam,
1079 4012 1138 4075 per
1153 3991 1284 4062 Librum
1304 3990 1380 4055 Vttae
1396 4004 1433 4056 et

368 4083 586 4166 mirandorum
609 4079 686 4168 ffers,
710 4081 893 4160 liupitudine
919 4083 1061 4144 similiter
1093 4089 1122 4142 et
1146 4082 1247 4166 dolore
1268 4079 1431 4144 oculorum

367 4165 550 4253 aliquandiu
561 4187 654 4252 usque
665 4168 709 4233 ad
721 4161 1040 4240 cecitatisdiscrimeri
1054 4171 1189 4244 verolus,
1208 4165 1429 4248 plenissimam

367 4258 528 4340 surtitotem
541 4258 662 4344 recepit.
1157 4257 1159 4262 '
1238 4251 1241 4258 ’
1382 4251 1407 4270 ‘⁴

330 4429 513 4515 Gervasius,
538 4430 700 4516 quondam
723 4430 820 4494 abbas
851 4429 1131 4512 westmonasterii,
1152 4431 1324 4504 ¹memorati
1351 4429 1430 4494 Ste-

281 4519 377 4608 phani
403 4509 640 4611 regis'dngliae
654 4515 759 4611 filius,
784 4531 928 4604 tempore
952 4517 1202 4607 quadragesimae
1229 4528 1266 4582 ut
1292 4516 1428 4582 liberius
