3132 5286
569 523 807 580 cumanam.

213 986 330 1078 [CAP.
353 985 673 1092 HVJ-Qualiter
694 991 904 1141 episcopatem
929 991 1032 1056 adire
1052 999 1175 1058 evadas

613 1097 712 1141 roera
726 1126 734 1144 .

242 1303 318 1368 Jam
333 1312 413 1366 nutu
430 1299 552 1367 Christi
566 1302 649 1368 fiunt
663 1325 738 1390 quae
752 1303 953 1390 praecinuisti
969 1327 976 1369 ε

246 1391 331 1469 Rex,
347 1388 576 1478 primatesque,
593 1391 743 1457 monachi
754 1413 895 1478 quoque,
911 1391 1145 1480 pontificesque

249 1479 441 1556 obsecrant,
457 1477 598 1565 plorant,
615 1480 775 1568 adjurant,
792 1502 922 1565 prorsus
936 1494 969 1546 et
984 1493 1088 1560 orant,

248 1567 496 1654 curvanturque
510 1589 607 1652 genu,
624 1567 817 1656 quatiuntur
836 1569 982 1655 supplice
997 1570 1086 1637 fletu.

245 1654 312 1719 Vix
327 1653 369 1720 de
386 1654 515 1721 secretis
531 1665 565 1720 et
580 1654 668 1721 dulci
683 1655 759 1720 sede
774 1654 891 1742 quietis

244 1742 306 1821 Te,
322 1754 425 1829 pater,
437 1755 629 1820 extractum,
644 1765 799 1831 curasque
814 1742 923 1808 subire
938 1757 1084 1810 coactum

246 1829 343 1898 Fletu
357 1830 523 1915 perfirsum
533 1833 665 1916 rapiunt
679 1832 816 1917 pastoris
831 1831 873 1896 od
888 1853 989 1896 usum.

244 1917 319 1982 Jam
334 1917 454 2004 praesul
476 1917 591 1998 factus,
608 1942 799 2006 superornas
814 1919 961 2006 praesulis
975 1935 1066 1987 actus
1079 1946 1088 2000 3

247 2007 366 2071 Factor
380 2006 572 2093 adimplesti,
589 2031 663 2096 quae
679 2010 795 2075 doctor
811 2008 921 2074 dicere
936 2013 1052 2075 suesti:

248 2093 320 2160 Nec
335 2093 491 2159 lucrando
506 2116 621 2180 parum
637 2096 708 2162 zelo
723 2097 827 2162 ferves
843 2097 1034 2177 animarum,

250 2182 380 2248 Perstas
393 2181 474 2248 ordo
489 2183 610 2270 gregis,
626 2183 802 2269 speculum,
819 2183 881 2263 via,
897 2184 1011 2273 regula
1026 2186 1114 2270 legis,

250 2269 329 2334 Lux
343 2283 376 2336 et
390 2270 453 2334 iter
466 2292 605 2350 morum,
623 2271 709 2338 scala
725 2273 818 2360 juris,
835 2272 894 2336 lux
916 2271 1109 2352 animorum,

247 2357 373 2423 Doctor
387 2357 577 2439 honestatis,
595 2375 703 2426 custos
719 2375 752 2426 et
768 2361 962 2439 sobrietatis,

248 2445 387 2511 Justitiae
401 2445 517 2526 forma,
534 2447 678 2536 rectique
700 2446 871 2515 sacerrima
886 2471 1023 2526 norma3

251 2533 355 2599 Exem
379 2533 446 2600 ium
461 2538 589 2624 cuique,
602 2537 779 2604 monachus
795 2537 939 2622 persistis
951 2538 1071 2626 ubique
1080 2563 1090 2616 3

253 2621 303 2689 Ut
318 2557 405 2688 soiius
419 2625 558 2710 pridem,
574 2624 620 2708 sic
636 2627 739 2692 turbis
755 2626 877 2692 mixtus
893 2639 925 2691 et
940 2627 1047 2704 idem3

253 2709 326 2778 Stes
340 2715 529 2795 monachus,
542 2713 644 2793 vultu,
660 2713 736 2793 vita,
752 2715 865 2793 verbo,
881 2714 976 2800 dape,
993 2715 1093 2780 cultu*

206 3169 327 3254 [CAP.
342 3168 631 3254 XXVIJ—Qtod
644 3173 799 3236 intertium
813 3172 965 3256 Ecffidi
979 3174 1062 3253 repis
1074 3171 1182 3236 wrote

522 3263 557 3324 ia
570 3262 686 3341 spirita
697 3263 858 3342 opnouerit

256 3489 306 3556 Ut
321 3483 479 3574 praedicta
494 3483 572 3548 satis
587 3483 705 3548 fierent
721 3482 854 3548 oracula
868 3482 961 3560 vatis,

255 3579 332 3642 Rex
347 3597 421 3640 cum
436 3583 577 3638 vastaret
602 3571 722 3650 Pictos,
739 3571 937 3658 miserosque
952 3580 1091 3648 necaret,

256 3665 334 3744 Hic,
352 3665 599 3740 circumventus,
616 3659 676 3724 fuit
692 3684 769 3726 ense
784 3659 911 3724 furente
927 3669 1124 3744 peremptus.

255 3752 310 3818 Tu
326 3752 434 3816 multis
449 3771 557 3815 coram
573 3748 705 3838 signasti
720 3747 840 3813 funeris
856 3748 970 3813 horam
985 3772 993 3824 ;

261 3840 417 3915 Quamvis
432 3836 610 3903 multorum
626 3838 758 3904 distares
781 3837 848 3901 fine
862 3836 1007 3902 locorum
1022 3861 1030 3900 ε

257 3930 367 4006 Quam
382 3927 471 3992 dicas
482 3949 594 3993 verum
610 3937 768 3992 testantur
782 3926 898 3989 nuntia
911 3947 1039 4000 rerum3

257 4019 343 4082 Nam
358 4040 424 4105 quo
439 4027 603 4079 momento
614 4036 673 4078 rex
688 4013 830 4080 concidit
845 4037 922 4079 ense
937 4023 1073 4077 cruento

261 4106 397 4171 Pectore
413 4126 509 4192 quam
522 4101 605 4167 tristi
617 4117 792 4187 praesentes
808 4124 877 4166 rem
893 4098 1038 4166 docuisti.

223 4229 225 4234 ·
259 4193 308 4259 Ut
321 4192 459 4272 videam,
472 4213 563 4278 pure,
579 4189 656 4255 vitae
668 4202 792 4256 secreta
806 4189 924 4255 futurae

261 4281 314 4346 Ex
328 4282 397 4347 acie
413 4281 521 4348 cordis
536 4277 626 4370 quod
648 4277 733 4346 inest
747 4275 902 4365 depellito
917 4273 1032 4344 sordis.
