3132 5286
538 509 540 514 ,
579 461 818 518 cumanam.

218 923 337 1007 [CAP.
352 897 619 1002 xxm]-D0
629 943 730 1007 puero
744 923 873 986 semime
882 944 945 1006 per
958 947 1027 992 eam
1040 938 1160 994 sanato.

251 1138 358 1204 Millia
372 1137 505 1202 funestis
516 1138 586 1221 jam
600 1137 746 1202 cladibus
762 1135 873 1200 invida
883 1140 984 1222 pestis

250 1224 464 1311 Depopulans
480 1226 606 1303 stravit,
621 1225 746 1290 cultore
757 1222 863 1287 solum
875 1226 1036 1311 spoliavit.

250 1313 305 1378 Tu
320 1313 573 1390 commissorum,
591 1335 671 1396 spes,
690 1333 776 1388 cura,
793 1310 936 1376 levamen
952 1316 1078 1392 eorum,

250 1401 444 1466 Muneribus
460 1400 567 1488 largis,
586 1400 777 1476 Cuthberte,
793 1400 934 1465 salubria
949 1402 1093 1488 spargis3

248 1489 392 1574 Parsque
407 1501 473 1552 tuae
488 1511 575 1553 curae
591 1501 693 1552 mater
715 1485 819 1574 prolis
839 1489 1004 1569 moriturae

251 1575 366 1652 Fatum
381 1599 455 1663 quae
470 1577 569 1641 flebat
583 1577 663 1641 flens
678 1589 711 1638 te
728 1576 846 1659 pietate
862 1576 1033 1640 movebat:

154 1734 156 1736 ,
248 1663 333 1728 Nam
356 1663 562 1737 benedixisti,
580 1662 675 1726 simul
690 1662 805 1725 oscula
817 1675 929 1725 sancta
943 1662 1062 1728 dedisti

248 1751 410 1818 Semineci
425 1772 537 1835 parva,
549 1750 618 1833 jam
628 1753 696 1834 jam
712 1749 787 1812 vitae
801 1750 983 1833 reparando

250 1839 304 1904 Sic
320 1838 405 1906 fatus
421 1838 525 1915 matri,
543 1859 584 1902 ne
600 1848 716 1901 moesta
730 1836 807 1900 velis
822 1836 1004 1913 lacrimari3

187 1995 191 2001 ,
248 1934 269 2000 ‘,‘
283 1924 341 1990 Nil
357 1938 480 1990 metuas
498 1925 599 2002 triste,
612 1947 688 1990 nam
703 1926 790 1988 vivet
801 1924 953 2008 parvulus
968 1927 1040 2005 iste,

245 2014 397 2100 “Deque
412 2014 474 2078 tuis
496 2035 593 2076 nemo
608 2011 759 2098 fungetur
774 2013 841 2076 sole
857 2035 1019 2098 supreme,

241 2111 268 2175 ,“
279 2101 356 2168 Hae
371 2100 424 2164 lue
439 2101 638 2176 morborum,
655 2122 719 2184 qua
732 2099 838 2162 nullus
854 2099 957 2164 obibit
973 2102 1123 2165 eorum:”

246 2188 333 2252 Hoec
348 2201 385 2252 ut
399 2187 552 2251 dicuntur
560 2209 612 2250 res
629 2187 743 2250 ordine
759 2185 846 2251 dicta
860 2197 1054 2272 sequuntur3

248 2275 356 2342 Infans
371 2287 511 2351 sanatur,
529 2284 632 2352 mater
646 2272 986 2361 gaudendonovatur.

246 2362 311 2442 Tu,
328 2362 381 2448 pie
397 2373 518 2440 sancte,
535 2363 629 2439 bone,
644 2361 782 2446 praesul,
798 2372 891 2446 pater
907 2373 1003 2460 atque
1017 2371 1168 2445 patrone,

250 2449 315 2533 Qui
332 2463 380 2514 tot
391 2451 519 2526 sanasti,
535 2450 591 2536 qui
607 2460 656 2512 tot
667 2470 793 2532 pressos
810 2449 969 2525 relevasti,

250 2537 299 2601 Sis
315 2536 414 2601 michi
428 2548 604 2622 protector,
620 2536 721 2600 michi
737 2536 778 2599 sis
794 2535 896 2599 alabe
911 2535 1071 2610 refector3

208 2695 210 2702 ,
250 2624 301 2704 Sis
316 2623 415 2688 michi
431 2624 541 2707 tutela,
561 2623 759 2710 Christoque
769 2624 905 2707 jubente
920 2623 1057 2705 medela,

247 2714 398 2777 Pressum
413 2714 554 2798 peccatis
570 2735 633 2796 ope
645 2717 789 2774 sustenta
800 2710 943 2793 pietatis.

246 2802 365 2866 Sancte
376 2811 479 2885 pater,
496 2821 556 2882 pro
568 2821 621 2860 me
635 2809 692 2876 tua
706 2807 818 2859 sancta
833 2797 1017 2880 precamina
1031 2817 1163 2880 prome3

247 2888 365 2951 Prome
379 2897 501 2972 preces,
518 2906 640 2971 quaeso,
657 2883 821 2968 poscendo
832 2884 999 2966 juvamina
1014 2882 1105 2960 laeso,

248 2975 353 3038 Posce
368 2973 478 3037 Deum
493 2985 552 3055 pro
568 2994 631 3048 me,
649 2972 709 3035 tibi
724 2972 903 3036 sanandum
918 2969 1025 3035 refero
1040 2992 1091 3035 me
1106 2997 1115 3048 ;

245 3060 316 3125 Nec
330 3083 423 3126 mora
439 3059 577 3137 sanabis,
594 3061 620 3122 si
635 3081 696 3144 pro
711 3081 775 3135 me,
789 3072 910 3137 sancte,
927 3059 1091 3146 rogabisr

245 3148 361 3214 Nullus
373 3147 490 3214 abinde
505 3147 613 3226 labor,
631 3149 657 3212 si
673 3159 705 3212 te
716 3160 873 3233 poscente
883 3148 1016 3214 beabor.

201 3439 1173 3538 CARXXXIIL-anmodointermaaduaaadumaaimam

307 3551 467 3632 crp'usdam
481 3549 526 3610 ad
538 3548 644 3611 carlum
658 3547 698 3609 ab
709 3547 830 3626 anpelis
834 3546 924 3626 ferri
937 3547 1058 3609 viderit.

243 3774 377 3842 Sobrius
392 3773 434 3838 ad
448 3793 575 3837 mensas
590 3768 730 3834 residens
747 3768 890 3834 coelestia
903 3790 1039 3855 pensas3

241 3859 522 3948 Dumeonvivaris
537 3870 616 3923 voto
632 3880 728 3942 super
741 3869 827 3922 astra
838 3856 971 3922 levaris}

242 3954 273 4018 A
289 3953 373 4038 dape
389 3961 531 4014 semotus
545 3945 670 4011 lassaris
686 3955 823 4032 corpore
838 3956 943 4010 totus:

243 4040 308 4104 Res
326 4050 431 4103 mutat
445 4037 580 4111 vultum,
597 4034 714 4119 linquit
725 4056 854 4121 quoque
866 4033 1001 4097 dextera
1015 4031 1168 4107 cultrum3

242 4128 355 4211 Corda
368 4147 469 4212 pavor
484 4123 601 4200 vibrat,
618 4133 759 4186 mentem
776 4123 821 4186 vis
836 4120 949 4190 aoelica
962 4117 1067 4187 librat

242 4215 375 4281 Horum
389 4209 617 4294 miratrim'pia
632 4207 788 4276 virtutum
803 4205 998 4283 famulatrix,

242 4301 348 4388 Regia
358 4301 452 4390 virgo
464 4298 595 4388 quidem
611 4318 683 4384 quae
695 4308 773 4362 tunc
787 4295 906 4362 assedit
919 4293 1040 4366 ibidem

244 4392 399 4464 Possoere
413 4389 470 4462 rix
480 4411 570 4468 ausa,
586 4385 728 4476 digneris
743 4397 779 4458 ut
793 4383 891 4454 edere
906 4383 1025 4464 clausa,
