3132 5286
487 489 600 541 arms
626 489 836 540 DEIRORUM
1190 473 1240 553 59

92 673 174 718 nem.
224 652 310 717 Nam
325 675 399 718 cum
414 652 543 738 publica
567 665 667 718 strata
681 662 806 738 pateret
821 655 922 731 eunti,
938 663 972 717 et
998 651 1097 718 nichil
1112 655 1241 738 penitus

90 741 253 804 videretur
268 740 356 827 quod
366 742 464 826 juxta
478 744 636 806 rationem
651 741 825 806 humanam
841 743 954 805 viantis
970 742 1032 806 iter
1054 755 1163 826 posset
1177 745 1237 807 im-

90 827 210 912 pedire,
236 831 302 912 ipse
320 830 472 894 terminos
497 829 584 915 pacis
603 831 800 914 pertransire
821 829 1002 895 nullatenus
1025 831 1133 916 potuit
1145 855 1155 908 ;
1179 831 1237 896 sed

89 915 172 980 infra
187 917 274 1001 pacis
300 912 417 982 limites
432 919 497 982 huc
512 918 653 1004 illucque
676 919 887 1006 vagabundus
902 919 1041 983 errabat.
1087 917 1237 984 Tandem

91 1004 123 1066 in
144 1004 284 1090 quodam
308 1006 483 1090 hospitiolo
498 1006 582 1069 villae
600 1028 667 1071 sese
683 1006 849 1090 recipiens,
869 1005 976 1090 posuit
1000 1006 1150 1071 tenebras
1166 1007 1238 1072 lati-

89 1092 201 1156 bulum
216 1116 330 1170 suum3
356 1094 411 1159 ubi
435 1117 478 1158 ex
499 1094 631 1158 levitate
646 1093 762 1171 vultus,
779 1107 813 1158 et
827 1093 1040 1160 inconstantia
1066 1096 1236 1158 verborum

91 1191 177 1244 etex
200 1203 309 1245 rerum
329 1184 473 1246 novitate
489 1205 567 1269 quas
583 1182 710 1260 tulerat,
728 1205 761 1246 se
788 1195 971 1267 suspectum
996 1181 1136 1246 reddidit
1151 1184 1238 1246 intu-

91 1269 236 1346 entibus3
260 1269 347 1335 unde
362 1284 396 1335 et
411 1271 561 1335 sedentes
583 1270 753 1334 servabant
768 1293 852 1348 eum,
870 1272 974 1337 donec
997 1270 1118 1357 aliquid
1135 1271 1175 1336 de
1199 1295 1238 1336 eo

91 1356 206 1420 certius
231 1359 273 1422 ad
303 1381 412 1423 earum
439 1359 636 1423 audientiam
659 1359 853 1443 perveniret.
900 1357 999 1431 Quod
1025 1371 1057 1422 et
1083 1359 1237 1424 continuo

89 1443 208 1509 factum
236 1461 295 1511 est.
342 1447 422 1511 Erat
436 1449 522 1511 enim
548 1449 579 1510 in
602 1447 714 1510 eadem
738 1447 837 1510 domo
851 1446 967 1510 mulier
987 1449 1146 1532 quaedam,
1165 1472 1237 1535 quae

92 1533 269 1598 Baldewini
292 1549 396 1599 vestes
418 1536 569 1600 abluebat
590 1557 632 1598 ex
648 1557 757 1610 more3
781 1557 854 1620 quae
882 1534 1058 1600 manifestis
1079 1539 1237 1622 comperit

90 1620 223 1699 indiciis,
246 1623 397 1708 inspectis
421 1624 635 1702 feminalibus,
652 1622 756 1686 furem
784 1622 962 1686 Baldewini
977 1623 1117 1688 vestibus
1140 1626 1236 1691 indu·

89 1722 181 1784 tum3
213 1724 246 1774 et
269 1713 378 1776 omnia
408 1735 481 1798 quae
511 1712 644 1790 viderat,
679 1710 865 1774 Baldewino
894 1712 1041 1795 protinus
1070 1712 1235 1781 indicavit.

92 1797 173 1861 Cum
189 1799 259 1862 haec
275 1799 417 1864 audisset
432 1801 603 1877 aurifaber,
620 1812 653 1863 et
667 1798 827 1862 sublatam
842 1821 933 1863 suam
957 1799 1173 1864 substanciam
1189 1814 1238 1865 atu

89 1886 252 1964 tendisset,
270 1910 335 1950 non
351 1900 417 1950 tam
434 1911 540 1952 rerum
552 1888 764 1965 amissionem,
781 1909 848 1950 non
864 1899 930 1951 tam
946 1887 1099 1953 damnum
1113 1889 1238 1954 illatum

89 1996 183 2059 quam
207 1977 356 2060 martyris
373 1977 551 2053 ecclesiam,
569 1975 603 2038 in
618 1974 804 2058 hujusmodi
818 1975 916 2038 verba
931 1978 1097 2061 prorupit3
1114 1977 1237 2055 dicens,

91 2070 112 2101 ‘⁶
125 2062 156 2126 O
176 2062 251 2125 Rex
266 2077 298 2127 et
325 2063 532 2128 Sanctissime
557 2062 689 2140 Martir,
705 2062 831 2148 aquam
843 2063 990 2146 pluribus
1012 2064 1129 2127 celebri
1153 2065 1238 2128 sama

88 2149 240 2236 vulgante
266 2150 374 2228 didici,
403 2151 490 2238 quod
517 2151 605 2236 pacis
630 2165 696 2213 tuae
720 2150 893 2214 violatores
917 2173 1063 2237 arguere,
1081 2151 1238 2240 castigare

87 2238 262 2316 maleficoS,
274 2251 307 2302 et
322 2238 511 2326 frequenter
523 2239 625 2302 soleas
636 2237 808 2302 emendare
824 2251 1006 2322 peccantes,
1018 2260 1076 2302 cur
1084 2241 1157 2323 paci
1173 2257 1239 2305 tuae

86 2339 209 2390 tantam
217 2325 378 2413 injuriam,
392 2350 449 2392 cur
458 2327 547 2405 mihi,
556 2325 611 2413 qui
621 2339 678 2390 tuo
691 2325 870 2409 specialiter
880 2347 949 2390 sum
961 2325 1134 2410 deputatus
1145 2330 1238 2394 obse-

88 2415 175 2501 quio,
194 2414 346 2478 damnum
361 2415 448 2480 istud
470 2416 607 2503 irrogari
622 2413 820 2499 permisisti?
866 2415 901 2480 si
917 2435 991 2478 vera
1008 2431 1095 2494 sunt,
1111 2440 1185 2503 quae
1196 2418 1239 2484 de

87 2517 129 2579 te,
148 2501 280 2580 Martir,
298 2503 417 2582 audivi,
434 2504 559 2568 videam
575 2525 687 2590 quaeso
710 2501 866 2567 ultionem
881 2517 967 2568 tuam
991 2503 1026 2566 in
1041 2502 1103 2571 hoc
1119 2530 1239 2593 opere3

88 2589 145 2654 tibi
160 2591 249 2654 enim
264 2590 404 2656 revelavi
419 2615 549 2656 causam
568 2613 680 2669 meam,
700 2591 818 2655 Martir
842 2591 1047 2656 1·everende.'’
1096 2595 1180 2661 Cum
1196 2595 1239 2660 ad

87 2678 149 2743 buc
164 2681 199 2741 in
216 2680 354 2763 petentis
371 2681 470 2744 corde
485 2693 665 2743 versaretur
680 2680 795 2755 oratic,
807 2702 881 2744 ecce
894 2702 1004 2743 rumor
1013 2680 1140 2764 plenius
1152 2685 1239 2748 inso-

87 2769 169 2843 nuit,
188 2765 291 2830 fnrem
309 2767 450 2832 eundem
466 2767 497 2830 iu
513 2766 851 2850 villadeprehensum3
875 2780 908 2830 et
924 2790 962 2830 ea
978 2790 1050 2852 quae
1067 2769 1240 2835 sustulerat

87 2878 161 2919 curn
179 2855 363 2938 integritate
373 2869 565 2942 reportasse.
606 2854 703 2927 Quod
717 2853 849 2918 audiens
863 2855 1079 2934 Baldewinus,
1095 2880 1239 2943 assump-

87 2942 127 3007 tis
151 2942 317 3006 sodalibus
335 2944 390 3006 illo
412 2943 546 3009 festinus
570 2944 725 3019 accurrit3
749 2955 783 3006 et
798 2943 924 3026 egressa
948 2944 1117 3023 sententia,
1134 2945 1240 3010 furem

87 3029 219 3116 publice
230 3033 410 3095 convictum
429 3045 460 3096 et
474 3031 654 3096 confessum
665 3031 900 3115 suspenderunt
909 3033 943 3095 in
953 3032 1110 3115 patibulo,
1121 3034 1241 3099 facien-

86 3132 132 3184 tes
149 3119 181 3183 ei
197 3119 290 3182 sicuti
306 3119 389 3183 male
405 3133 516 3204 egerat
531 3120 683 3184 adversus
700 3119 810 3184 Deum
825 3131 856 3184 et
873 3121 1070 3205 proximum.
1120 3124 1239 3210 Sicque

90 3206 306 3283 Baldewinus,
329 3211 466 3292 receptis
492 3209 641 3272 omnibus
663 3231 736 3294 quae
751 3207 948 3292 perdiderat,
969 3207 1042 3272 Deo
1058 3222 1091 3274 et
1119 3212 1239 3276 Sancto

88 3295 230 3379 Martyri
255 3297 374 3382 gratias
402 3320 513 3382 agens,
536 3296 629 3360 laetus
650 3297 804 3360 remeavit
820 3296 861 3359 ad
885 3297 1036 3380 propria:
1061 3310 1093 3361 et
1119 3300 1238 3364 exinde

86 3383 214 3448 studuit
229 3383 262 3444 in
287 3382 379 3447 theca
396 3384 552 3470 Martyris
567 3383 693 3469 operari
717 3383 876 3461 subtilius,
894 3395 928 3446 et
943 3383 977 3446 in
994 3383 1061 3468 ejus
1084 3386 1239 3474 obsequio

86 3471 238 3536 devotior
249 3469 392 3535 inveniri.
994 3471 997 3477 ’
