3094 5292
472 467 583 516 nram
611 467 832 516 nemorum.
1214 449 1239 523 9

84 631 142 696 sed
155 651 212 716 per
228 630 426 714 martyrium,
444 640 480 692 ut
495 629 645 712 providit,
659 629 701 692 ad
712 627 830 714 gaudia
844 617 936 711 regni
946 627 1083 692 caelestis
1093 627 1239 691 anhelo.”

88 719 171 782 Haec
201 717 316 781 effatus
351 715 572 802 sanctissimus
606 716 690 793 Rex,
724 714 905 802 hujusmodi
936 713 1020 778 fudit
1050 714 1239 799 orationem.

88 805 224 868 “Pater
246 803 446 868 miseriarum
468 816 502 867 et
525 803 623 866 totius
647 801 873 866 consolationis
899 801 1001 879 Deus,
1026 803 1116 885 cujus
1142 800 1241 866 Filius

85 891 195 976 magni
213 891 335 955 consilii
357 891 500 974 angelus,
521 893 610 976 cujus
631 890 766 974 Spiritus
783 890 814 952 in
832 888 983 974 pressuris
999 888 1182 972 paraclitus,
1199 889 1243 952 da

85 978 163 1044 mihi
179 979 212 1040 in
231 990 330 1042 tantae
346 977 503 1062 angustiae
523 977 673 1042 instantia
692 977 858 1040 meliorem
875 976 995 1059 eligere
1011 975 1106 1039 viam.
1156 974 1242 1048 Quia

87 1066 113 1130 si
141 1065 228 1129 bello
251 1065 441 1141 conflixero,
461 1063 617 1128 fundendi
636 1064 801 1148 sanguinis
821 1085 929 1127 coram
950 1075 982 1127 te
1002 1085 1076 1126 reus
1091 1084 1242 1146 appareo.

90 1153 126 1216 Si
141 1152 251 1238 fugam
270 1151 382 1230 iniero,
404 1165 437 1216 et
453 1151 592 1236 propriae
607 1150 756 1234 dignitati
775 1163 808 1214 et
826 1163 996 1236 parentum
1011 1148 1170 1214 nobilitati
1186 1149 1244 1212 de·

86 1261 188 1324 gener
206 1261 356 1323 appareo.
409 1239 453 1302 Et
472 1237 654 1302 hominibus
673 1238 797 1320 fugiens
817 1236 981 1320 displiceo,
1003 1249 1036 1300 et
1055 1236 1132 1300 Tibi
1151 1235 1251 1298 dimi-¹

86 1328 194 1390 eans.''
243 1327 324 1390 Haec
343 1337 377 1392 et
392 1325 425 1388 in
440 1326 525 1390 hunc
543 1325 675 1388 modum
691 1324 805 1388 similia
822 1324 897 1388 Deo
916 1323 1091 1401 confidens,
1112 1321 1245 1386 tandem

86 1413 210 1477 consilii
230 1415 278 1476 sui
299 1413 439 1476 anchora
456 1412 489 1475 in
505 1412 581 1476 Deo
599 1413 665 1475 fixe
685 1411 824 1498 qualiter
841 1411 914 1474 Deo
934 1411 1087 1494 placeret,
1108 1432 1167 1492 nec
1186 1410 1245 1473 ho-

86 1500 227 1564 minibus
242 1499 435 1584 displiceret,
450 1510 591 1563 mentem
607 1498 715 1562 subiit.
764 1497 1072 1584 Remittendumque
1085 1497 1117 1561 in
1130 1497 1244 1561 domos

85 1610 161 1651 suas
177 1587 341 1672 populum,
355 1586 541 1672 bellumque
557 1585 768 1671 importunius
779 1585 822 1649 ad
837 1597 963 1669 tempus
973 1585 1243 1670 suspendendum,

86 1697 187 1760 seque
202 1695 361 1738 secessum
378 1673 510 1760 aliquod
524 1673 711 1758 petiturum,
730 1672 919 1756 primatibus
935 1672 1034 1756 priris,
1050 1671 1167 1735 deinde
1184 1671 1244 1735 toti

87 1761 247 1825 exercitui
270 1761 439 1845 suggessit,
457 1761 614 1846 hujusque
630 1759 752 1823 consilii
774 1759 932 1823 rationem
953 1758 1104 1843 exposuit
1124 1758 1244 1822 dicens.

89 1859 113 1890 “
128 1847 186 1912 Me
202 1849 306 1912 solum
321 1849 363 1912 ad
378 1847 580 1932 perdendum
592 1848 709 1933 quaerit
724 1845 935 1923 adversarius,
951 1868 1047 1932 quem
1062 1845 1089 1907 si
1098 1847 1139 1909 ab
1151 1867 1246 1910 exer-

88 1935 156 1998 citu
178 1935 354 1999 declinasse
373 1933 522 2011 audierit,
543 1933 659 1997 furoris
680 1935 747 2018 ejus
763 1933 902 2018 impetus
918 1932 1121 2016 reprimetur,
1139 1953 1246 1996 rever·
1294 1961 1297 1968 ⁴

88 2035 277 2108 tantamque
293 2021 472 2086 exercitum
492 2043 558 2084 non
577 2033 799 2106 persequetur.
849 2019 915 2084 Sed
930 2019 956 2082 si
971 2041 1023 2084 me
1039 2019 1071 2082 in
1083 2033 1248 2083 reverten-

90 2108 172 2172 tium
187 2109 341 2172 eomitatu
361 2131 430 2172 esse
450 2108 609 2184 didicerit,
628 2107 758 2171 instabit
777 2106 927 2182 atrocius,
948 2108 1072 2193 eritque
1088 2103 1105 2168 ὲ
1121 2107 1246 2169 duobus

89 2217 189 2258 unum
211 2217 254 2259 ex
273 2195 465 2258 necessitate
482 2194 677 2278 eligendum,
695 2208 751 2257 aut
767 2193 900 2272 viriliter
915 2192 1084 2255 resistendi
1098 2192 1247 2256 animosi-

89 2295 150 2360 tas,
168 2295 224 2346 aut
242 2295 335 2366 terga
351 2281 497 2344 vertendi
518 2280 769 2365 degenerositas.
817 2279 927 2366 'Ilerge
944 2301 1023 2362 ergo
1039 2291 1163 2342 vertere
1182 2301 1247 2342 non

89 2369 333 2444 consuevimus3
350 2382 383 2432 et
398 2369 474 2452 ideo
489 2391 565 2431 ecee
580 2389 722 2431 seorsum
738 2369 779 2431 ab
795 2365 940 2430 exercitu
956 2364 1094 2442 declino,
1111 2365 1178 2429 fido
1194 2388 1248 2430 co-

89 2458 222 2522 mitatus
241 2456 416 2520 Tondhere
434 2455 537 2541 Tylsii
549 2455 626 2532 filio,
641 2454 831 2542 comitisque
847 2453 910 2516 mei
930 2453 1103 2516 Hunwaldi
1115 2452 1247 2516 domum

91 2545 134 2608 de
156 2556 251 2606 nocte
271 2543 373 2617 ade03
390 2565 486 2629 quem
506 2541 602 2605 etiam
623 2541 701 2604 mihi
721 2543 822 2605 fidum
838 2541 947 2617 credo,
968 2540 1043 2628 quia
1058 2539 1092 2602 id
1107 2562 1158 2604 me
1173 2561 1249 2624 pro·

90 2630 246 2694 meruisse
262 2631 401 2693 recol0.''
445 2629 570 2702 Quibus
586 2628 690 2706 dictis,
708 2629 832 2692 athleta
850 2624 947 2692 Cristi
960 2626 1140 2691 exercitum
1155 2650 1248 2690 suum

90 2719 224 2782 domum
249 2716 382 2793 remisit,
407 2729 441 2780 et
465 2738 538 2779 cum
562 2737 628 2778 uno
651 2729 777 2780 tantum
801 2714 861 2777 sibi
884 2736 959 2778 caro
982 2713 1094 2790 milite,
1120 2713 1250 2778 nomine

93 2804 250 2868 Tondber
268 2803 371 2889 Tylsii
390 2802 467 2880 filio,
488 2803 521 2864 in
541 2802 754 2886 Getlrliugum
769 2803 921 2876 secessit3
942 2801 1137 2899 domumque
1156 2801 1249 2864 Hun-

90 2891 187 2956 waldi
206 2891 255 2954 sui
270 2890 371 2967 ducis,
385 2889 436 2955 cui
449 2889 546 2952 etiam
562 2887 753 2972 praedictum
766 2889 870 2952 vicum
882 2899 916 2952 et
931 2888 1033 2952 multa
1048 2888 1111 2951 alra
1126 2887 1249 2972 praedia

91 2980 280 3054 donaverat,
301 2999 397 3063 quem
412 2987 446 3040 et
462 2977 504 3039 ob
522 2976 585 3039 hoc
601 2975 660 3039 sibi
675 2977 777 3039 fidum
792 2977 990 3053 autumabat,
1008 2996 1120 3059 pacem
1135 2974 1199 3038 suis
1214 2989 1249 3039 et

91 3065 192 3129 vitam
216 3063 429 3148 praeoptando
453 3075 490 3127 ut
514 3074 589 3127 ante
615 3078 827 3127 consueverat
852 3061 973 3140 revisit,
997 3063 1096 3147 juxta
1115 3063 1249 3126 verbum

94 3151 228 3216 Domini
243 3151 286 3215 ad
300 3150 471 3235 discipulos
487 3173 560 3214 suos
576 3149 722 3227 dicentia,
747 3160 768 3191 ‘⁶
784 3150 817 3213 Si
833 3172 890 3212 vos
906 3149 1065 3234 persecuti
1081 3149 1200 3214 fuerint
1215 3149 1249 3212 in

92 3241 159 3303 une
173 3238 313 3316 civitate,
326 3237 430 3326 fugite
446 3237 479 3301 in
490 3238 583 3302 aliam
596 3240 626 3313 ;''
642 3237 775 3301 undeet
793 3236 912 3300 Paulus
928 3236 984 3313 ait,
1003 3247 1025 3279 “
1038 3237 1125 3301 Date
1140 3236 1248 3300 locum

92 3327 182 3389 irae.''
231 3325 384 3390 Constitit
404 3323 502 3408 igitur
517 3325 558 3388 de
577 3324 633 3388 illo
654 3321 832 3400 manifeste,
850 3323 925 3408 quia
940 3323 965 3385 si
983 3345 1043 3408 pro
1055 3323 1175 3408 populo
1190 3346 1249 3388 suo

92 3412 177 3477 mori
192 3411 355 3490 noluisset,
372 3433 576 3498 nequaquam
588 3433 627 3475 eo
642 3411 774 3474 dimisso
790 3409 969 3495 proximam
983 3409 1137 3473 suiducis
1156 3410 1251 3474 Hun-

94 3498 190 3564 waldi
225 3499 356 3563 domum
388 3499 559 3584 ,presertim
592 3497 727 3562 inimicis
762 3496 965 3560 circundatus
1000 3496 1087 3560 solus
1120 3495 1249 3560 adisset.

95 3587 186 3653 Alias
202 3597 312 3650 autern
324 3585 372 3649 sui
388 3607 518 3671 compos
533 3584 717 3649 liberandus
730 3582 922 3660 divertisset,
936 3584 962 3646 si
977 3583 1031 3668 pie
1045 3581 1178 3647 caritate
1190 3605 1250 3668 pro

96 3674 163 3738 suis
179 3673 265 3738 velut
282 3672 363 3736 eries
379 3674 420 3736 de
436 3695 533 3758 grege
550 3673 672 3737 electus
687 3673 772 3736 solus
788 3671 980 3736 occumbere
995 3693 1061 3734 non
1075 3670 1249 3735 maluisset.

98 3761 254 3827 Decrevit
270 3762 378 3846 itaque
394 3760 443 3824 vir
456 3759 658 3824 beatissimus
674 3759 729 3837 sic,
745 3760 798 3824 vel
813 3760 855 3824 ad
871 3758 1032 3823 modicum
1051 3758 1162 3822 mortis
1177 3780 1251 3842 pro-

96 3849 199 3914 telare
215 3847 418 3924 sententiam,
436 3848 488 3911 eui
503 3860 608 3911 tamen
624 3847 873 3912 ferventissimus
885 3869 975 3910 amor
986 3846 1099 3923 inerat,
1113 3845 1251 3910 liberato
1326 3847 1333 3854 “

95 3936 218 4021 populo
230 3935 398 4020 pervenire
414 3934 506 4003 citius
522 3935 564 3998 ad
579 3957 742 3998 coronam.
791 3934 834 3998 Et
848 3935 931 3998 bene
947 3933 1007 3997 sibi
1021 3932 1177 4010 conscius,
1194 3933 1252 3996 do-

96 4045 187 4088 mum
210 4022 259 4086 sui
280 4021 443 4085 traditoris
464 4045 537 4086 cum
556 4044 621 4084 uno
642 4034 769 4087 tantum
788 4021 889 4084 milite
905 4018 1137 4106 imperterritus
1153 4019 1251 4095 adiit3

98 4111 226 4175 imitans
242 4109 331 4172 illum
351 4109 406 4195 qui
424 4109 579 4173 mundum
597 4110 821 4194 redempturus
842 4131 905 4172 non
921 4107 1049 4184 invitus,
1066 4107 1125 4170 sed
1139 4105 1252 4192 sponte

95 4197 205 4262 locum
230 4219 298 4262 suae
318 4195 472 4280 passionis
496 4195 641 4281 appetiit.
689 4207 711 4237 ‘⁴
728 4196 793 4269 Qui
819 4196 935 4274 enim,'’
952 4194 1055 4283 inquit
1076 4194 1251 4271 lohannes,

99 4295 124 4327 “
142 4285 210 4348 vult
225 4284 258 4348 in
277 4283 385 4349 Cristo
400 4304 541 4360 manere,
564 4283 662 4346 debet
677 4283 759 4347 sicut
775 4283 827 4346 ille
852 4283 1038 4362 ambulavit,
1055 4295 1089 4348 et
1104 4282 1171 4368 ipse
1185 4305 1253 4346 am·

96 4372 240 4436 bulare.'’
280 4371 373 4437 Felix
382 4371 491 4458 itaque
503 4369 687 4454 discipulus,
700 4370 828 4435 felicem
840 4371 980 4436 imitatus
992 4383 1041 4436 est
1053 4370 1250 4459 magistrum,

97 4459 175 4524 dum
206 4471 240 4523 et
271 4458 425 4544 magister·
452 4471 559 4524 ortum
589 4458 682 4543 petiit
707 4481 772 4546 quo
798 4459 989 4536 traderetur,
1021 4471 1055 4522 et
1078 4457 1251 4543 discipulus
