3132 5286
424 973 541 1066 [CAP.
558 967 664 1036 XXX
665 966 823 1117 VIII-ffi-⁴3
823 963 905 1118 gagg
919 966 1071 1032 mandata
1084 969 1150 1031 suis
1164 969 1199 1031 in
1208 967 1279 1048 fine

408 1287 481 1352 Jam
497 1281 631 1370 propior
647 1279 735 1345 coelis
752 1277 871 1342 morbis
886 1276 1071 1363 compulsus
1086 1277 1223 1354 anhelis,

401 1377 480 1441 Das
496 1371 648 1436 mandata
663 1365 753 1454 gregi
769 1365 887 1429 divinae
903 1387 1048 1449 congrua
1063 1363 1138 1453 legi,

414 1461 661 1542 Extremunque
676 1453 746 1518 vale
761 1451 805 1515 sie
820 1451 936 1538 linquis
952 1451 1127 1538 spirituale.

413 1557 436 1592 “
453 1543 586 1611 Pacifici
602 1541 679 1619 sitis,
696 1540 834 1605 vitantes
845 1539 955 1624 jurgia
970 1538 1045 1618 litis,

412 1645 434 1678 “
452 1633 496 1698 Et
512 1653 569 1695 cor
583 1650 712 1713 semper
726 1626 813 1691 idem
828 1627 920 1692 vobis
935 1647 1026 1690 amor
1041 1625 1151 1714 alliget
1165 1626 1268 1701 idem3

413 1731 435 1765 “
449 1719 574 1802 Alliget
590 1716 622 1780 in
635 1714 779 1790 Christe,
796 1736 854 1778 nec
870 1713 1041 1778 discedatis
1057 1714 1098 1778 ab
1113 1716 1177 1778 isto
1190 1737 1199 1790 3

413 1818 435 1852 “
449 1808 526 1873 Non
542 1802 740 1880 discordetis,
758 1802 836 1867 dum
851 1801 985 1865 consilio
1001 1803 1164 1889 satagetis.

415 1904 438 1938 “
456 1892 636 1956 Consilium
652 1890 747 1974 plane
763 1888 938 1954 concordia
953 1911 1019 1952 non
1036 1889 1092 1953 dat
1108 1891 1213 1967 inane,

416 1991 440 2024 “
457 1980 544 2045 Nam
559 1977 643 2042 hrale
659 1977 815 2063 procedet
831 1974 893 2040 hoc
909 1976 934 2040 si
950 1975 1111 2040 discordia
1131 1977 1253 2042 foedet:

414 2079 437 2114 “
457 2067 612 2152 Quosque
626 2065 692 2128 fide
708 2064 809 2128 claros
825 2064 955 2128 colitote
970 2086 1031 2149 per
1046 2065 1155 2129 omnia
1166 2087 1273 2140 caros:

413 2166 435 2201 “
451 2155 517 2219 His
531 2152 609 2218 fidei
623 2153 706 2217 natis
718 2174 784 2216 non
798 2151 898 2237 pluris
913 2174 968 2215 vos
980 2150 1144 2228 habeatis3

415 2253 438 2288 “
457 2241 600 2327 Hospitii
609 2240 684 2325 jura
699 2263 823 2304 summa
839 2238 989 2304 dedhcite
1001 2262 1095 2316 oura3

416 2342 440 2374 ·‘
457 2330 520 2395 His
537 2350 617 2428 rogo
632 2329 760 2405 servite,
777 2340 868 2412 parat
884 2327 947 2390 hoe
962 2328 1017 2410 pia
1031 2327 1156 2392 foedera
1170 2329 1258 2394 vitae.

417 2429 439 2462 “
456 2416 634 2483 Catholicae
649 2415 735 2500 pacis
750 2415 865 2500 procul
880 2413 987 2478 hostes
1003 2415 1184 2502 aufugistis,

416 2516 439 2549 “
456 2502 527 2567 Nec
543 2525 616 2566 cum
633 2503 787 2585 perversis
803 2503 834 2564 in
848 2502 1083 2588 perfidiamque
1099 2505 1236 2569 reversis

416 2602 438 2635 “
455 2594 639 2654 Consensus
651 2587 738 2663 facti,
755 2610 815 2651 nec
831 2590 872 2651 sit
888 2591 1073 2651 communio
1088 2593 1186 2674 pacti.

417 2688 439 2722 “
458 2676 532 2741 Hoc
548 2675 686 2740 retinete
702 2687 818 2752 ratum,
836 2675 924 2762 quod
940 2674 1001 2738 erit
1016 2688 1092 2759 post
1106 2678 1219 2743 funera
1232 2693 1376 2766 gratum,

417 2776 439 2810 ‘⁶
458 2763 567 2828 Rebus
584 2763 616 2825 in
632 2762 785 2840 adversis,
802 2762 893 2826 vobis
905 2761 937 2826 in
955 2761 1058 2828 tristia
1073 2765 1195 2844 mersiS,

415 2863 438 2898 “
457 2853 540 2917 Cum
556 2850 662 2915 dubiis
677 2849 750 2914 fatis
766 2849 826 2915 erit
841 2849 999 2916 incertum
1014 2850 1093 2938 quid
1109 2854 1221 2940 agatis,

416 2949 438 2983 “
455 2938 532 3005 Plus
548 2939 664 3023 placet,
681 2938 796 3002 effossa
812 2959 884 3003 mea
898 2961 956 3002 vos
973 2938 1091 3004 tollatis
1108 2954 1144 3004 ut
1160 2964 1241 3019 ossa,

418 3037 441 3070 “
460 3026 504 3090 Et
518 3038 757 3109 comportantes
771 3025 842 3089 loca
857 3025 1010 3112 linquatis
1024 3025 1212 3111 fugitantes,

420 3124 442 3156 “
461 3111 568 3186 Quam
579 3112 660 3196 juga
675 3135 850 3198 pravorum
865 3112 990 3177 ducatis
1006 3113 1268 3196 scismaticorum,

420 3209 442 3244 “
460 3198 617 3285 Collaque
632 3198 776 3263 subdatis
791 3197 970 3265 fautoribus
986 3201 1168 3286 impietatis.

417 3297 438 3331 “
455 3287 591 3351 Patrum
606 3286 765 3352 catholica
779 3288 832 3370 pia
848 3287 1009 3375 dogmata,
1026 3289 1114 3373 pacis
1129 3292 1243 3371 amice,

418 3385 442 3420 “
458 3374 619 3463 Quaeque,
636 3375 709 3439 Deo
725 3374 834 3452 dante,
850 3376 919 3439 fido
934 3375 994 3439 sibi
1010 3397 1061 3440 me
1078 3376 1264 3459 famulante,
1278 3382 1283 3398 ’

419 3473 443 3506 “
459 3463 501 3527 In
516 3485 567 3526 me
582 3462 715 3540 vidistis,
740 3484 813 3549 quae
827 3475 939 3527 sancta
954 3462 1086 3549 quidem
1102 3464 1268 3547 didicistis,

421 3559 445 3591 “
462 3548 572 3637 Digne
587 3549 731 3627 servetis,
749 3561 912 3614 servantes
927 3573 1054 3635 semper
1069 3553 1201 3629 ametis3

417 3646 440 3680 “
455 3636 542 3701 Nam
557 3637 632 3700 licet
648 3636 739 3701 exilis
754 3635 875 3714 videar,
892 3636 1097 3724 vivendoque
1111 3639 1192 3718 vilis,

418 3733 440 3802 “
457 3724 535 3788 Post
552 3724 674 3788 obitum
691 3736 777 3789 certe
792 3738 936 3789 nostrum
953 3725 1089 3789 cernetis
1104 3742 1216 3811 aperte

417 3819 440 3854 “
460 3809 542 3884 Quis
558 3811 627 3888 sim,
645 3810 695 3875 vel
710 3811 822 3898 qualis,
840 3835 935 3898 quam
951 3811 1016 3878 vita
1030 3812 1218 3898 spiritualis;
1325 3884 1328 3888 ,

420 3907 442 3940 “
455 3897 554 3972 Quod
567 3921 637 3964 mea
646 3898 793 3964 doctrina
803 3900 900 3964 luerit
914 3900 1019 3985 culpae
1031 3900 1218 3965 medicina.''

422 3986 505 4051 Haec
520 3986 576 4050 sed
592 3987 688 4051 ethis
705 3988 796 4072 plura
810 3986 958 4064 dicendo,
975 3987 1037 4051 tuis
1053 3989 1231 4072 profutura,

420 4074 495 4139 Jam
510 4096 644 4160 regnum
662 4075 786 4139 Christi
806 4097 974 4138 scansurus
996 4075 1180 4142 disseruisti.

423 4161 578 4227 Excubiis
591 4162 672 4226 laetis
685 4162 752 4226 ibat
767 4182 835 4225 nox
846 4161 916 4246 ipsa
930 4162 1047 4248 quietis
1063 4187 1070 4226 :

421 4249 514 4314 Luce
528 4251 776 4336 propinquante,
794 4260 826 4313 te
841 4247 920 4312 lucis
936 4251 1029 4337 Rege
1045 4264 1191 4329 vocante,

420 4336 591 4403 Transitus
602 4337 752 4415 instabat,
769 4337 823 4423 qui
839 4347 871 4401 te
887 4336 980 4400 nimis
996 4335 1205 4405 exhilarabat.

423 4421 474 4492 Ut
489 4444 578 4493 sacra
588 4425 656 4510 jam
670 4421 732 4490 rite
755 4422 890 4512 gustasti
906 4419 1028 4490 fercula
1042 4424 1127 4504 vitae,
