3094 5292
507 545 619 595 REGIS
647 546 868 596 DEIllOIlUM.
1223 539 1270 604 13

114 709 283 796 potuisset.
332 706 533 774 Catervatim
556 708 656 792 igitur
678 709 720 772 de
742 709 874 774 remotis
897 710 1041 794 partibus
1062 714 1173 798 populi
1196 737 1269 780 cum

115 799 236 862 devoto
251 795 404 882 episcopo
427 795 469 860 ad
489 796 596 859 locum
613 795 745 860 veniunt
767 809 888 860 sanctae
902 799 1110 897 requietionis
1126 828 1136 878 ς
1161 802 1270 890 ibique

115 887 326 950 concionante
337 884 395 946 sub
407 883 538 947 morosa
544 883 717 946 devotione
728 883 892 968 pontifice,
903 886 1093 951 universitas
1105 888 1270 954 hominum

115 972 172 1060 qui
187 972 300 1035 aderat
314 970 459 1056 praesulis
469 971 600 1033 hortatu
615 982 777 1054 prostrata
792 990 841 1034 est
857 971 889 1034 in
901 973 1058 1052 oratione,
1070 976 1272 1064 gratiamque

116 1058 303 1123 inveniendi
317 1058 434 1145 quibus
453 1057 593 1121 animum
610 1057 776 1142 quaerendi
787 1058 968 1143 preciosum
983 1060 1167 1127 thesaurum
1179 1065 1273 1129 Deus

117 1147 263 1224 dederat,
281 1145 422 1208 unanimi
445 1155 563 1227 rogant
586 1144 792 1228 precamine..
839 1145 999 1228 Surgente
1020 1148 1129 1235 itaque
1148 1153 1271 1237 populo

117 1236 159 1298 ab
175 1233 332 1310 oratione,
349 1231 485 1295 ministri
500 1230 619 1294 adhoc
635 1231 782 1314 deputati
797 1231 829 1294 in
841 1232 984 1296 oratorio
999 1235 1143 1300 ecclesiae
1158 1237 1272 1304 fodere

116 1333 266 1404 satagunt
280 1342 289 1395 3
313 1333 346 1383 et
362 1341 457 1382 omne
473 1331 600 1402 tempus
624 1316 644 1382 d
665 1318 768 1402 prima
788 1319 945 1405 usquead
961 1319 1073 1386 horam
1088 1337 1214 1389 sextam
1238 1327 1271 1390 in

117 1408 273 1471 fodiendo
289 1405 473 1470 alternatim
489 1404 680 1488 transigunt,
697 1405 755 1468 sed
772 1405 868 1469 nichil
884 1407 1067 1490 proficiunt.
1101 1411 1272 1478 Rimantur
1351 1423 1358 1440 '

118 1508 216 1559 terrae
245 1495 377 1571 viscera,
409 1507 443 1557 et
474 1505 569 1556 terrae
599 1492 768 1556 commissa
798 1515 862 1556 uon
890 1494 1096 1578 reperiuntur
1125 1499 1271 1584 pignora.

122 1583 362 1668 Coeperuntque
385 1579 506 1664 pariter
527 1578 671 1642 nonnulli
696 1601 770 1645 curn
785 1581 910 1644 summa
927 1581 1147 1666 indignatione
1169 1587 1269 1666 abire,

119 1669 272 1756 quicum
299 1670 422 1732 summa
445 1665 619 1731 devotione
646 1680 874 1730 convenerant.
933 1667 1037 1733 Porrd
1064 1671 1272 1738 AEdmuudns

118 1756 219 1840 magis
244 1755 393 1819 confusus
409 1755 450 1818 de
471 1751 580 1818 sancti
596 1753 721 1839 injurie,
738 1777 836 1841 quam
858 1755 900 1818 de
920 1757 1050 1841 propria
1065 1762 1269 1840 contumelia,

117 1844 196 1908 fidei
221 1842 344 1908 facibus
369 1863 550 1918 succensus,
575 1853 706 1924 arrepto
729 1842 836 1925 ligone
859 1841 937 1905 inibi
959 1842 1072 1910 fodere
1088 1848 1197 1932 coepit,
1214 1849 1271 1914 ubi

118 1931 268 1995 foderant
284 1929 338 2017 qui
349 1930 418 2013 jam
429 1929 526 1993 nichil
535 1928 733 2013 reperientes
745 1929 967 1993 discesserant.
994 1930 1141 2020 Cilmque
1153 1935 1271 2000 iterato

118 2019 189 2081 nisu
205 2018 346 2102 ligonem
362 2016 478 2080 fortius
491 2029 587 2079 terrae
603 2015 796 2093 incussisset,
806 2016 893 2080 ferro
909 2016 1058 2082 tinnitum
1071 2022 1228 2088 reddente
1239 2024 1272 2087 in

119 2105 251 2192 aliquod
282 2125 395 2168 saxum
426 2103 596 2167 offendisse
623 2124 657 2165 se
682 2103 838 2178 credidit3
865 2118 899 2167 et
923 2103 966 2168 ad
992 2127 1079 2190 spem
1105 2110 1272 2175 meliorem

118 2192 233 2277 lapidis
249 2191 448 2276 repercussio
464 2189 567 2253 fidelis
584 2188 643 2251 viri
658 2188 799 2252 abimum
814 2189 1020 2255 confortavit.
1069 2195 1112 2258 Et
1127 2209 1202 2260 tunc
1215 2220 1273 2283 spe

119 2279 297 2356 refocillata
311 2277 468 2342 incumbit
490 2275 580 2361 operi
595 2289 703 2360 coepto
719 2277 950 2354 vehementius,
967 2292 1001 2342 et
1017 2280 1123 2363 ejecto
1137 2284 1272 2366 pulvere

120 2367 250 2444 hfossd,
276 2365 509 2450 sarcophagum
535 2363 698 2447 lapideum
722 2363 854 2440 invenit,
872 2363 905 2426 in
931 2387 996 2450 quo
1020 2369 1186 2435 recondita
1202 2388 1272 2437 erat

119 2453 294 2540 margarita
308 2451 511 2540 praefulgida.
568 2448 665 2513 Forte
680 2450 757 2536 quia
771 2451 888 2535 passim
904 2463 938 2515 et
953 2452 1123 2518 indiscrete
1134 2458 1214 2542 justi
1236 2473 1271 2525 et

120 2541 229 2629 injusti
256 2540 509 2605 admittebantur
530 2538 573 2601 ad
594 2537 731 2600 caelestis
754 2538 869 2602 secreti
885 2541 1155 2624 conspectionem,
1174 2545 1273 2612 dilata

121 2641 171 2694 est
197 2641 232 2693 et
258 2639 421 2691 reservata
443 2625 544 2690 sancti
568 2624 709 2710 corporis
725 2623 879 2704 inventi0,
897 2626 1001 2691 donec
1017 2651 1052 2692 se
1067 2632 1272 2700 absentarent

120 2716 176 2817 qui
192 2715 405 2779 irreverenter
420 2725 454 2777 et
468 2711 577 2797 injusti
589 2711 798 2776 advenerant.
825 2712 1006 2799 Episcopus·
1015 2716 1094 2779 verb
1105 2719 1273 2785 disceden-

121 2806 207 2868 tibus
223 2801 447 2887 impatientum
463 2799 564 2864 turbis
580 2821 654 2862 cum
671 2799 855 2862 domesticis
871 2800 934 2863 suis
946 2819 1155 2883 remanserat,
1173 2820 1209 2871 ut
1224 2810 1271 2873 rei

119 2892 217 2955 finem
232 2890 357 2953 videret
372 2886 524 2951 sollicitus
539 2885 753 2971 praestolator.
813 2887 897 2950 Cum
912 2901 1021 2951 autem
1037 2893 1270 2978 sarcophagum

121 2979 289 3044 inventum
311 2975 497 3060 respiceret,
520 2974 630 3037 statim
652 2972 721 3037 solo
743 2974 957 3058 prosternitur
979 2977 1047 3061 ipse
1070 2991 1103 3042 et
1127 2981 1272 3064 paucitas

119 3065 265 3130 fidelium
286 3063 341 3152 qui
361 3062 505 3139 aderant,
534 3072 568 3125 et
594 3060 731 3124 lacrimis
752 3083 819 3145 prae
843 3061 962 3146 gaudio
992 3065 1112 3128 abortis
1142 3082 1273 3134 orantes

121 3152 275 3218 intentius
299 3165 333 3216 et
359 3148 526 3234 prolixids,
551 3147 706 3212 auxilium
731 3148 917 3212 Divinitatis
942 3150 1078 3216 invitant
1101 3167 1134 3218 et
1162 3156 1272 3221 Sancti

122 3239 288 3326 Martyris.
337 3237 381 3301 Et
397 3237 586 3302 accedentes
601 3233 732 3320 propiirs
747 3235 918 3300 revolvunt
932 3238 1071 3322 lapidem
1089 3245 1272 3329 superposi-

121 3340 204 3406 tum,
223 3339 256 3391 et
272 3325 380 3390 statim
395 3325 534 3390 refertur
549 3322 651 3387 omnis
675 3322 810 3386 ecclesia
824 3322 896 3386 miri
912 3324 1020 3388 odoris
1034 3327 1221 3412 fragrantia,
1239 3346 1273 3397 et

120 3437 230 3479 omues
246 3413 302 3501 qui
317 3413 451 3477 aderant
466 3424 558 3475 tanta
576 3410 715 3474 suavitas
731 3410 850 3489 affecit,
866 3423 903 3474 ut
927 3411 958 3473 iu
982 3414 1130 3500 paradysi
1150 3417 1272 3484 deliciis

119 3526 155 3567 se
167 3494 476 3588 positosccrtissime
488 3498 693 3562 affirmarent.
742 3497 898 3561 Videntes
914 3510 1023 3563 autem
1039 3500 1093 3564 diu
1109 3503 1273 3572 desidera-

120 3603 202 3667 tum,
214 3591 321 3676 etjam
330 3588 461 3652 tandem
472 3586 636 3650 inventum
648 3585 833 3648 thesaurum
845 3607 941 3670 super
950 3608 1062 3651 aurum
1075 3602 1109 3653 et
1119 3593 1271 3677 topazion

119 3677 313 3764 preciosum,
330 3674 470 3740 universi
492 3696 560 3759 prae
584 3671 712 3737 laeticiae
727 3673 949 3756 magnitudine
964 3674 1110 3740 lacrimas
1134 3679 1271 3746 lacrimis

118 3765 337 3842 cumulabant,
369 3785 475 3847 genua
503 3762 689 3837 flectebant,
720 3761 839 3844 gratias
869 3763 1020 3848 agebant,
1048 3766 1106 3828 sed
1137 3779 1272 3853 tangere

118 3851 367 3917 sacratissimum
386 3871 501 3936 corpus
522 3849 627 3912 nullus
651 3849 878 3932 praesumebat.
939 3850 1124 3938 Habitaque
1144 3871 1194 3918 est
1213 3857 1271 3920 ali-

118 3939 260 4027 quandiu
277 3939 318 4003 de
334 3936 513 4002 reverentia
528 3949 600 4000 orta
614 3935 780 4000 contentio
795 3934 1021 4001 interclericos
1037 3951 1069 4002 et
1085 3941 1183 4005 laicos
1199 3945 1270 4030 quis

118 4027 290 4092 accederet
315 4026 355 4090 ad
383 4037 517 4101 tactum,
544 4023 621 4086 dum
645 4022 862 4110 unusquisque
882 4023 923 4086 de
950 4024 1071 4088 meritis
1086 4027 1150 4090 suis
1166 4030 1270 4096 minus

117 4137 314 4202 praesumens
329 4114 447 4176 habeat
464 4133 497 4173 se
514 4123 700 4173 excusatum
715 4133 724 4186 3
749 4110 878 4173 tandem
890 4110 1083 4176 unanimiter
1098 4113 1131 4177 in
1148 4116 1271 4201 episco-

116 4225 196 4289 pum
214 4201 396 4277 intendunt,
412 4211 446 4263 et
469 4199 536 4282 ejus
552 4219 621 4260 esse
637 4196 742 4270 meriti
758 4198 879 4281 pariter
893 4210 926 4260 et
943 4197 1048 4276 officii,
1066 4214 1103 4264 ut
1118 4203 1203 4267 solus
1219 4209 1272 4272 vel

117 4289 233 4354 saltem
248 4289 336 4373 prior
351 4297 464 4370 tangat
486 4297 630 4349 sanctum
654 4297 811 4348 asserunt.
857 4284 918 4356 Ille
934 4307 1012 4349 vero
1027 4291 1154 4353 morosa
1168 4294 1274 4358 reluc-

116 4375 241 4442 tatione
256 4399 290 4440 se
306 4397 462 4441 excusans
509 4371 576 4436 und
602 4393 666 4435 uon
689 4393 816 4458 semper
831 4372 1041 4457 praeemiuent
1057 4375 1125 4440 aliis
1141 4379 1268 4461 merito,

116 4465 173 4552 qui
200 4463 326 4549 praelati
353 4475 427 4526 sunt
454 4395 571 4537 ollicio,
597 4459 728 4523 tandem
756 4459 859 4523 victus
891 4459 1141 4545 importunitatis
1158 4469 1267 4546 taedio,

116 4551 244 4618 accedit
270 4563 304 4616 ut
320 4562 442 4635 tangat,
460 4561 493 4614 et
509 4546 643 4612 sullevet
655 4547 695 4611 de
711 4547 921 4633 sarcophago.
968 4549 1112 4614 Lavatur
1127 4556 1268 4620 antemi
