<?xml version="1.0" encoding="UTF-8"?>
<!DOCTYPE html PUBLIC "-//W3C//DTD XHTML 1.0 Transitional//EN"
    "http://www.w3.org/TR/xhtml1/DTD/xhtml1-transitional.dtd">
<html xmlns="http://www.w3.org/1999/xhtml" xml:lang="en" lang="en">
 <head>
  <title>
</title>
<meta http-equiv="Content-Type" content="text/html;charset=utf-8" />
  <meta name='ocr-system' content='tesseract 3.04.00' />
  <meta name='ocr-capabilities' content='ocr_page ocr_carea ocr_par ocr_line ocrx_word'/>
</head>
<body>
  <div class='ocr_page' id='page_1' title='image "./miscellaneabiog01raingoog_0116.png"; bbox 0 0 3132 5286; ppageno 0'>
   <div class='ocr_carea' id='block_1_1' title="bbox 568 466 805 521">
    <p class='ocr_par' dir='ltr' id='par_1_1' title="bbox 568 466 805 521">
     <span class='ocr_line' id='line_1_1' title="bbox 568 466 805 521; baseline -0.008 -1"><span class='ocrx_word' id='word_1_1' title='bbox 568 466 805 521; x_wconf 72' lang='lat' dir='ltr'><strong>curabamur.</strong></span> 
     </span>
    </p>
   </div>
   <div class='ocr_carea' id='block_1_2' title="bbox 221 923 1150 1010">
    <p class='ocr_par' dir='ltr' id='par_1_2' title="bbox 221 923 1150 1010">
     <span class='ocr_line' id='line_1_2' title="bbox 221 923 1150 1010; baseline -0.002 -18"><span class='ocrx_word' id='word_1_2' title='bbox 221 923 340 1010; x_wconf 82' lang='lat' dir='ltr'><em>[CAP.</em></span> <span class='ocrx_word' id='word_1_3' title='bbox 357 925 630 1008; x_wconf 77' lang='lat' dir='ltr'><strong>IV.]-Qnalr&#39;ter</strong></span> <span class='ocrx_word' id='word_1_4' title='bbox 644 933 728 992; x_wconf 82' lang='lat' dir='ltr'><strong>rates</strong></span> <span class='ocrx_word' id='word_1_5' title='bbox 743 947 764 990; x_wconf 85' lang='lat' dir='ltr'><strong>a</strong></span> <span class='ocrx_word' id='word_1_6' title='bbox 775 933 948 1008; x_wconf 75' lang='lat' dir='ltr'><em>tempestate</em></span> <span class='ocrx_word' id='word_1_7' title='bbox 963 928 1150 992; x_wconf 82' lang='lat' dir='ltr'><strong>liberaverit.</strong></span> 
     </span>
    </p>
   </div>
   <div class='ocr_carea' id='block_1_3' title="bbox 234 1151 1166 2468">
    <p class='ocr_par' dir='ltr' id='par_1_3' title="bbox 234 1151 1116 1591">
     <span class='ocr_line' id='line_1_3' title="bbox 238 1151 1060 1241; baseline -0.001 -24"><span class='ocrx_word' id='word_1_8' title='bbox 238 1152 324 1218; x_wconf 88' lang='lat' dir='ltr'><strong>Inde</strong></span> <span class='ocrx_word' id='word_1_9' title='bbox 339 1165 426 1218; x_wconf 90' lang='lat' dir='ltr'><strong>rates</strong></span> <span class='ocrx_word' id='word_1_10' title='bbox 442 1153 585 1241; x_wconf 91' lang='lat' dir='ltr'><strong>quinque</strong></span> <span class='ocrx_word' id='word_1_11' title='bbox 602 1151 701 1219; x_wconf 89' lang='lat' dir='ltr'><strong>morti</strong></span> <span class='ocrx_word' id='word_1_12' title='bbox 712 1151 853 1218; x_wconf 84' lang='lat' dir='ltr'><strong>labendo</strong></span> <span class='ocrx_word' id='word_1_13' title='bbox 868 1153 1060 1240; x_wconf 68' lang='lat' dir='ltr'><strong>propinquae</strong></span> 
     </span>
     <span class='ocr_line' id='line_1_4' title="bbox 238 1237 1072 1329; baseline -0.002 -24"><span class='ocrx_word' id='word_1_14' title='bbox 238 1239 447 1306; x_wconf 88' lang='lat' dir='ltr'><strong>Pertulerant</strong></span> <span class='ocrx_word' id='word_1_15' title='bbox 463 1255 575 1306; x_wconf 89' lang='lat' dir='ltr'><strong>ventos</strong></span> <span class='ocrx_word' id='word_1_16' title='bbox 591 1242 773 1329; x_wconf 85' lang='lat' dir='ltr'><strong>fluctusque</strong></span> <span class='ocrx_word' id='word_1_17' title='bbox 787 1241 885 1305; x_wconf 91' lang='lat' dir='ltr'><strong>maris</strong></span> <span class='ocrx_word' id='word_1_18' title='bbox 901 1237 1072 1305; x_wconf 85' lang='lat' dir='ltr'><strong>violentos.</strong></span> 
     </span>
     <span class='ocr_line' id='line_1_5' title="bbox 235 1325 1116 1415; baseline -0.002 -21"><span class='ocrx_word' id='word_1_19' title='bbox 235 1328 310 1394; x_wconf 87' lang='lat' dir='ltr'><strong>Jarn</strong></span> <span class='ocrx_word' id='word_1_20' title='bbox 326 1327 440 1414; x_wconf 92' lang='lat' dir='ltr'><strong>procul</strong></span> <span class='ocrx_word' id='word_1_21' title='bbox 455 1341 625 1415; x_wconf 79' lang='lat' dir='ltr'><strong>apparent,</strong></span> <span class='ocrx_word' id='word_1_22' title='bbox 641 1326 730 1394; x_wconf 87' lang='lat' dir='ltr'><strong>uelut</strong></span> <span class='ocrx_word' id='word_1_23' title='bbox 744 1350 818 1393; x_wconf 89' lang='lat' dir='ltr'><strong>aves</strong></span> <span class='ocrx_word' id='word_1_24' title='bbox 858 1325 962 1413; x_wconf 87' lang='lat' dir='ltr'><strong>urgite</strong></span> <span class='ocrx_word' id='word_1_25' title='bbox 978 1339 1116 1403; x_wconf 84' lang='lat' dir='ltr'><strong>narent3</strong></span> 
     </span>
     <span class='ocr_line' id='line_1_6' title="bbox 234 1352 1101 1504; baseline -0.003 -22"><span class='ocrx_word' id='word_1_26' title='bbox 234 1416 309 1482; x_wconf 87' lang='lat' dir='ltr'><strong>Jam</strong></span> <span class='ocrx_word' id='word_1_27' title='bbox 326 1437 414 1481; x_wconf 88' lang='lat' dir='ltr'><strong>mare</strong></span> <span class='ocrx_word' id='word_1_28' title='bbox 429 1417 611 1483; x_wconf 89' lang='lat' dir='ltr'><strong>concissam</strong></span> <span class='ocrx_word' id='word_1_29' title='bbox 623 1414 746 1482; x_wconf 91' lang='lat' dir='ltr'><strong>miseris</strong></span> <span class='ocrx_word' id='word_1_30' title='bbox 762 1352 914 1501; x_wconf 64' lang='lat' dir='ltr'><strong>patedecit</strong></span> <span class='ocrx_word' id='word_1_31' title='bbox 929 1415 1101 1504; x_wconf 84' lang='lat' dir='ltr'><strong>abyssum:</strong></span> 
     </span>
     <span class='ocr_line' id='line_1_7' title="bbox 237 1503 926 1591; baseline 0.001 -23"><span class='ocrx_word' id='word_1_32' title='bbox 237 1503 351 1569; x_wconf 87' lang='lat' dir='ltr'><strong>Morte</strong></span> <span class='ocrx_word' id='word_1_33' title='bbox 363 1526 422 1570; x_wconf 86' lang='lat' dir='ltr'><strong>sua</strong></span> <span class='ocrx_word' id='word_1_34' title='bbox 437 1505 517 1570; x_wconf 86' lang='lat' dir='ltr'><strong>certi</strong></span> <span class='ocrx_word' id='word_1_35' title='bbox 532 1506 661 1591; x_wconf 84' lang='lat' dir='ltr'><strong>riguere</strong></span> <span class='ocrx_word' id='word_1_36' title='bbox 677 1504 745 1568; x_wconf 84' lang='lat' dir='ltr'><strong>salo</strong></span> <span class='ocrx_word' id='word_1_37' title='bbox 761 1503 926 1589; x_wconf 82' lang='lat' dir='ltr'><strong>cooperti:</strong></span> 
     </span>
    </p>

    <p class='ocr_par' dir='ltr' id='par_1_4' title="bbox 235 1589 1041 1767">
     <span class='ocr_line' id='line_1_8' title="bbox 235 1589 1041 1668; baseline -0.001 -13"><span class='ocrx_word' id='word_1_38' title='bbox 235 1591 289 1656; x_wconf 92' lang='lat' dir='ltr'><strong>Tu</strong></span> <span class='ocrx_word' id='word_1_39' title='bbox 304 1591 428 1657; x_wconf 89' lang='lat' dir='ltr'><strong>meritis</strong></span> <span class='ocrx_word' id='word_1_40' title='bbox 441 1615 588 1658; x_wconf 85' lang='lat' dir='ltr'><strong>crescens</strong></span> <span class='ocrx_word' id='word_1_41' title='bbox 603 1594 637 1657; x_wconf 91' lang='lat' dir='ltr'><strong>in</strong></span> <span class='ocrx_word' id='word_1_42' title='bbox 653 1592 748 1656; x_wconf 89' lang='lat' dir='ltr'><strong>litore</strong></span> <span class='ocrx_word' id='word_1_43' title='bbox 764 1603 829 1656; x_wconf 90' lang='lat' dir='ltr'><strong>stas</strong></span> <span class='ocrx_word' id='word_1_44' title='bbox 845 1589 1041 1668; x_wconf 86' lang='lat' dir='ltr'><strong>adolescens,</strong></span> 
     </span>
     <span class='ocr_line' id='line_1_9' title="bbox 236 1676 989 1767; baseline -0.003 -25"><span class='ocrx_word' id='word_1_45' title='bbox 236 1681 307 1745; x_wconf 89' lang='lat' dir='ltr'><strong>Stas</strong></span> <span class='ocrx_word' id='word_1_46' title='bbox 323 1677 473 1767; x_wconf 84' lang='lat' dir='ltr'><strong>equidem</strong></span> <span class='ocrx_word' id='word_1_47' title='bbox 491 1692 578 1745; x_wconf 90' lang='lat' dir='ltr'><strong>totus</strong></span> <span class='ocrx_word' id='word_1_48' title='bbox 594 1677 722 1765; x_wconf 89' lang='lat' dir='ltr'><strong>pietatis</strong></span> <span class='ocrx_word' id='word_1_49' title='bbox 734 1676 856 1743; x_wconf 86' lang='lat' dir='ltr'><strong>viscere</strong></span> <span class='ocrx_word' id='word_1_50' title='bbox 871 1691 989 1755; x_wconf 89' lang='lat' dir='ltr'><strong>motus,</strong></span> 
     </span>
    </p>

    <p class='ocr_par' dir='ltr' id='par_1_5' title="bbox 234 1764 1125 2118">
     <span class='ocr_line' id='line_1_10' title="bbox 238 1764 1101 1854; baseline -0.008 -22"><span class='ocrx_word' id='word_1_51' title='bbox 238 1767 341 1854; x_wconf 90' lang='lat' dir='ltr'><strong>Inque</strong></span> <span class='ocrx_word' id='word_1_52' title='bbox 356 1766 461 1831; x_wconf 90' lang='lat' dir='ltr'><strong>solum</strong></span> <span class='ocrx_word' id='word_1_53' title='bbox 478 1764 705 1832; x_wconf 88' lang='lat' dir='ltr'><strong>stratusmittis</strong></span> <span class='ocrx_word' id='word_1_54' title='bbox 720 1787 817 1852; x_wconf 90' lang='lat' dir='ltr'><strong>super</strong></span> <span class='ocrx_word' id='word_1_55' title='bbox 832 1777 918 1830; x_wconf 91' lang='lat' dir='ltr'><strong>astra</strong></span> <span class='ocrx_word' id='word_1_56' title='bbox 932 1775 1101 1851; x_wconf 82' lang='lat' dir='ltr'><strong>precatus3</strong></span> 
     </span>
     <span class='ocr_line' id='line_1_11' title="bbox 234 1848 1125 1942; baseline -0.004 -21"><span class='ocrx_word' id='word_1_57' title='bbox 234 1855 390 1942; x_wconf 87' lang='lat' dir='ltr'><strong>Dumque</strong></span> <span class='ocrx_word' id='word_1_58' title='bbox 405 1874 517 1939; x_wconf 88' lang='lat' dir='ltr'><strong>preces</strong></span> <span class='ocrx_word' id='word_1_59' title='bbox 532 1853 640 1919; x_wconf 88' lang='lat' dir='ltr'><strong>fundis</strong></span> <span class='ocrx_word' id='word_1_60' title='bbox 656 1865 826 1938; x_wconf 86' lang='lat' dir='ltr'><strong>tempestas</strong></span> <span class='ocrx_word' id='word_1_61' title='bbox 843 1868 947 1918; x_wconf 88' lang='lat' dir='ltr'><strong>cessat</strong></span> <span class='ocrx_word' id='word_1_62' title='bbox 959 1853 994 1917; x_wconf 92' lang='lat' dir='ltr'><strong>in</strong></span> <span class='ocrx_word' id='word_1_63' title='bbox 1010 1848 1125 1932; x_wconf 87' lang='lat' dir='ltr'><strong>undis3</strong></span> 
     </span>
     <span class='ocr_line' id='line_1_12' title="bbox 237 1940 1079 2028; baseline -0.006 -20"><span class='ocrx_word' id='word_1_64' title='bbox 237 1943 385 2008; x_wconf 88' lang='lat' dir='ltr'><strong>Flamina</strong></span> <span class='ocrx_word' id='word_1_65' title='bbox 399 1954 579 2020; x_wconf 87' lang='lat' dir='ltr'><strong>vertuntur,</strong></span> <span class='ocrx_word' id='word_1_66' title='bbox 598 1956 758 2028; x_wconf 87' lang='lat' dir='ltr'><strong>terraeque</strong></span> <span class='ocrx_word' id='word_1_67' title='bbox 773 1952 860 2006; x_wconf 89' lang='lat' dir='ltr'><strong>rates</strong></span> <span class='ocrx_word' id='word_1_68' title='bbox 875 1940 1079 2015; x_wconf 84' lang='lat' dir='ltr'><strong>referuntur3</strong></span> 
     </span>
     <span class='ocr_line' id='line_1_13' title="bbox 236 2028 997 2118; baseline -0.001 -21"><span class='ocrx_word' id='word_1_69' title='bbox 236 2028 400 2097; x_wconf 89' lang='lat' dir='ltr'><strong>Mortibus</strong></span> <span class='ocrx_word' id='word_1_70' title='bbox 416 2029 576 2108; x_wconf 86' lang='lat' dir='ltr'><strong>abstracti,</strong></span> <span class='ocrx_word' id='word_1_71' title='bbox 593 2028 785 2118; x_wconf 85' lang='lat' dir='ltr'><strong>gaudentia</strong></span> <span class='ocrx_word' id='word_1_72' title='bbox 800 2028 896 2094; x_wconf 88' lang='lat' dir='ltr'><strong>litora</strong></span> <span class='ocrx_word' id='word_1_73' title='bbox 906 2030 997 2116; x_wconf 88' lang='lat' dir='ltr'><strong>jacti.</strong></span> 
     </span>
    </p>

    <p class='ocr_par' dir='ltr' id='par_1_6' title="bbox 235 2114 1166 2376">
     <span class='ocr_line' id='line_1_14' title="bbox 237 2114 1108 2204; baseline -0.005 -22"><span class='ocrx_word' id='word_1_74' title='bbox 237 2118 289 2184; x_wconf 89' lang='lat' dir='ltr'><strong>Te</strong></span> <span class='ocrx_word' id='word_1_75' title='bbox 305 2131 450 2183; x_wconf 87' lang='lat' dir='ltr'><strong>sanctum</strong></span> <span class='ocrx_word' id='word_1_76' title='bbox 465 2118 582 2195; x_wconf 87' lang='lat' dir='ltr'><strong>fantur,</strong></span> <span class='ocrx_word' id='word_1_77' title='bbox 600 2118 738 2204; x_wconf 87' lang='lat' dir='ltr'><strong>quirem</strong></span> <span class='ocrx_word' id='word_1_78' title='bbox 754 2114 873 2199; x_wconf 92' lang='lat' dir='ltr'><strong>stupidi</strong></span> <span class='ocrx_word' id='word_1_79' title='bbox 889 2115 1108 2200; x_wconf 84' lang='lat' dir='ltr'><strong>speculantur.</strong></span> 
     </span>
     <span class='ocr_line' id='line_1_15' title="bbox 237 2201 1166 2294; baseline -0.008 -22"><span class='ocrx_word' id='word_1_80' title='bbox 237 2204 297 2272; x_wconf 91' lang='lat' dir='ltr'><strong>Me</strong></span> <span class='ocrx_word' id='word_1_81' title='bbox 309 2229 449 2294; x_wconf 90' lang='lat' dir='ltr'><strong>quoque,</strong></span> <span class='ocrx_word' id='word_1_82' title='bbox 466 2203 647 2292; x_wconf 87' lang='lat' dir='ltr'><strong>magnifice,</strong></span> <span class='ocrx_word' id='word_1_83' title='bbox 664 2225 790 2289; x_wconf 86' lang='lat' dir='ltr'><strong>precor,</strong></span> <span class='ocrx_word' id='word_1_84' title='bbox 807 2201 1038 2289; x_wconf 87' lang='lat' dir='ltr'><strong>omnipotentis</strong></span> <span class='ocrx_word' id='word_1_85' title='bbox 1054 2201 1166 2278; x_wconf 86' lang='lat' dir='ltr'><strong>amice,</strong></span> 
     </span>
     <span class='ocr_line' id='line_1_16' title="bbox 235 2290 1005 2376; baseline -0.004 -17"><span class='ocrx_word' id='word_1_86' title='bbox 235 2293 313 2359; x_wconf 93' lang='lat' dir='ltr'><strong>Duc</strong></span> <span class='ocrx_word' id='word_1_87' title='bbox 328 2293 370 2358; x_wconf 90' lang='lat' dir='ltr'><strong>de</strong></span> <span class='ocrx_word' id='word_1_88' title='bbox 382 2295 551 2359; x_wconf 90' lang='lat' dir='ltr'><strong>tormentis</strong></span> <span class='ocrx_word' id='word_1_89' title='bbox 568 2292 678 2357; x_wconf 91' lang='lat' dir='ltr'><strong>mundi</strong></span> <span class='ocrx_word' id='word_1_90' title='bbox 694 2314 751 2376; x_wconf 91' lang='lat' dir='ltr'><strong>per</strong></span> <span class='ocrx_word' id='word_1_91' title='bbox 763 2293 859 2356; x_wconf 88' lang='lat' dir='ltr'><strong>inane</strong></span> <span class='ocrx_word' id='word_1_92' title='bbox 870 2290 1005 2356; x_wconf 87' lang='lat' dir='ltr'><strong>furentis</strong></span> 
     </span>
    </p>

    <p class='ocr_par' dir='ltr' id='par_1_7' title="bbox 242 2377 1008 2468">
     <span class='ocr_line' id='line_1_17' title="bbox 242 2377 1008 2468; baseline -0.005 -22"><span class='ocrx_word' id='word_1_93' title='bbox 242 2381 294 2448; x_wconf 85' lang='lat' dir='ltr'><strong>Ad</strong></span> <span class='ocrx_word' id='word_1_94' title='bbox 310 2380 423 2468; x_wconf 85' lang='lat' dir='ltr'><strong>patriae</strong></span> <span class='ocrx_word' id='word_1_95' title='bbox 438 2393 581 2468; x_wconf 89' lang='lat' dir='ltr'><strong>portum,</strong></span> <span class='ocrx_word' id='word_1_96' title='bbox 597 2378 737 2468; x_wconf 89' lang='lat' dir='ltr'><strong>paradisi</strong></span> <span class='ocrx_word' id='word_1_97' title='bbox 754 2377 875 2444; x_wconf 89' lang='lat' dir='ltr'><strong>scilicet</strong></span> <span class='ocrx_word' id='word_1_98' title='bbox 891 2391 1008 2444; x_wconf 87' lang='lat' dir='ltr'><strong>ortum.</strong></span> 
     </span>
    </p>
   </div>
   <div class='ocr_carea' id='block_1_4' title="bbox 152 2689 1170 2886">
    <p class='ocr_par' dir='ltr' id='par_1_8' title="bbox 152 2689 1170 2886">
     <span class='ocr_line' id='line_1_18' title="bbox 152 2689 1170 2805; baseline -0.008 -18"><span class='ocrx_word' id='word_1_99' title='bbox 152 2689 155 2694; x_wconf 56' lang='lat'><strong>,</strong></span> <span class='ocrx_word' id='word_1_100' title='bbox 196 2719 308 2802; x_wconf 86' lang='lat' dir='ltr'><em>[CAP</em></span> <span class='ocrx_word' id='word_1_101' title='bbox 324 2719 662 2805; x_wconf 76' lang='lat' dir='ltr'><strong>V.]-Quodaaimarn</strong></span> <span class='ocrx_word' id='word_1_102' title='bbox 677 2718 785 2783; x_wconf 78' lang='lat' dir='ltr'><strong>Sancti</strong></span> <span class='ocrx_word' id='word_1_103' title='bbox 797 2715 1170 2797; x_wconf 79' lang='lat' dir='ltr'><strong>Atdaniincaetamferra‘</strong></span> 
     </span>
     <span class='ocr_line' id='line_1_19' title="bbox 547 2805 823 2886; baseline -0.004 -18"><span class='ocrx_word' id='word_1_104' title='bbox 547 2807 628 2869; x_wconf 82' lang='lat' dir='ltr'><strong>cidit</strong></span> <span class='ocrx_word' id='word_1_105' title='bbox 641 2805 682 2869; x_wconf 80' lang='lat' dir='ltr'><strong>ab</strong></span> <span class='ocrx_word' id='word_1_106' title='bbox 696 2805 823 2886; x_wconf 75' lang='lat' dir='ltr'><strong>capelia.</strong></span> 
     </span>
    </p>
   </div>
   <div class='ocr_carea' id='block_1_5' title="bbox 241 3025 1080 3560">
    <p class='ocr_par' dir='ltr' id='par_1_9' title="bbox 241 3025 994 3192">
     <span class='ocr_line' id='line_1_20' title="bbox 241 3025 994 3117; baseline -0.007 -20"><span class='ocrx_word' id='word_1_107' title='bbox 241 3029 402 3097; x_wconf 90' lang='lat' dir='ltr'><strong>Pascebas</strong></span> <span class='ocrx_word' id='word_1_108' title='bbox 416 3029 610 3117; x_wconf 90' lang='lat' dir='ltr'><strong>pecorajam</strong></span> <span class='ocrx_word' id='word_1_109' title='bbox 624 3025 882 3114; x_wconf 86' lang='lat' dir='ltr'><strong>noctis&#39;pervigil</strong></span> <span class='ocrx_word' id='word_1_110' title='bbox 896 3027 994 3104; x_wconf 83' lang='lat' dir='ltr'><strong>hora3</strong></span> 
     </span>
     <span class='ocr_line' id='line_1_21' title="bbox 241 3117 970 3192; baseline -0.004 -7"><span class='ocrx_word' id='word_1_111' title='bbox 241 3120 349 3186; x_wconf 87' lang='lat' dir='ltr'><strong>Orans</strong></span> <span class='ocrx_word' id='word_1_112' title='bbox 363 3121 488 3185; x_wconf 84' lang='lat' dir='ltr'><strong>intente</strong></span> <span class='ocrx_word' id='word_1_113' title='bbox 503 3117 704 3184; x_wconf 88' lang='lat' dir='ltr'><strong>transcendis</strong></span> <span class='ocrx_word' id='word_1_114' title='bbox 719 3131 827 3183; x_wconf 87' lang='lat' dir='ltr'><strong>terrea</strong></span> <span class='ocrx_word' id='word_1_115' title='bbox 841 3129 948 3182; x_wconf 89' lang='lat' dir='ltr'><strong>mente</strong></span> <span class='ocrx_word' id='word_1_116' title='bbox 961 3140 970 3192; x_wconf 90' lang='lat'>;</span> 
     </span>
    </p>

    <p class='ocr_par' dir='ltr' id='par_1_10' title="bbox 241 3204 1080 3560">
     <span class='ocr_line' id='line_1_22' title="bbox 245 3204 1013 3282; baseline -0.005 -10"><span class='ocrx_word' id='word_1_117' title='bbox 245 3207 321 3282; x_wconf 85' lang='lat' dir='ltr'><strong>Quo</strong></span> <span class='ocrx_word' id='word_1_118' title='bbox 337 3221 371 3274; x_wconf 90' lang='lat' dir='ltr'><strong>tu</strong></span> <span class='ocrx_word' id='word_1_119' title='bbox 388 3207 544 3274; x_wconf 84' lang='lat' dir='ltr'><strong>tendebas</strong></span> <span class='ocrx_word' id='word_1_120' title='bbox 556 3219 702 3272; x_wconf 86' lang='lat' dir='ltr'><strong>sanctum</strong></span> <span class='ocrx_word' id='word_1_121' title='bbox 718 3205 855 3270; x_wconf 89' lang='lat' dir='ltr'><strong>transire</strong></span> <span class='ocrx_word' id='word_1_122' title='bbox 869 3204 1013 3281; x_wconf 88' lang='lat' dir='ltr'><strong>videbas,</strong></span> 
     </span>
     <span class='ocr_line' id='line_1_23' title="bbox 241 3291 1080 3385; baseline -0.012 -24"><span class='ocrx_word' id='word_1_123' title='bbox 241 3294 406 3385; x_wconf 86' lang='lat' dir='ltr'><strong>Angelicis</strong></span> <span class='ocrx_word' id='word_1_124' title='bbox 422 3297 532 3360; x_wconf 90' lang='lat' dir='ltr'><strong>castris</strong></span> <span class='ocrx_word' id='word_1_125' title='bbox 544 3316 652 3360; x_wconf 90' lang='lat' dir='ltr'><strong>comes</strong></span> <span class='ocrx_word' id='word_1_126' title='bbox 671 3293 776 3357; x_wconf 89' lang='lat' dir='ltr'><strong>Aidan</strong></span> <span class='ocrx_word' id='word_1_127' title='bbox 790 3293 911 3376; x_wconf 85' lang='lat' dir='ltr'><strong>gaudet</strong></span> <span class='ocrx_word' id='word_1_128' title='bbox 926 3293 960 3354; x_wconf 93' lang='lat' dir='ltr'><strong>in</strong></span> <span class='ocrx_word' id='word_1_129' title='bbox 976 3291 1080 3355; x_wconf 88' lang='lat' dir='ltr'><strong>astris.</strong></span> 
     </span>
     <span class='ocr_line' id='line_1_24' title="bbox 242 3377 1046 3468; baseline -0.011 -19"><span class='ocrx_word' id='word_1_130' title='bbox 242 3383 307 3449; x_wconf 89' lang='lat' dir='ltr'><strong>Fac</strong></span> <span class='ocrx_word' id='word_1_131' title='bbox 323 3398 409 3448; x_wconf 89' lang='lat' dir='ltr'><strong>uteo</strong></span> <span class='ocrx_word' id='word_1_132' title='bbox 424 3382 555 3448; x_wconf 88' lang='lat' dir='ltr'><strong>tendam</strong></span> <span class='ocrx_word' id='word_1_133' title='bbox 572 3381 651 3445; x_wconf 92' lang='lat' dir='ltr'><strong>dum</strong></span> <span class='ocrx_word' id='word_1_134' title='bbox 665 3380 764 3445; x_wconf 91' lang='lat' dir='ltr'><strong>morti</strong></span> <span class='ocrx_word' id='word_1_135' title='bbox 773 3384 849 3468; x_wconf 88' lang='lat' dir='ltr'><strong>jura</strong></span> <span class='ocrx_word' id='word_1_136' title='bbox 859 3377 1046 3465; x_wconf 87' lang='lat' dir='ltr'><strong>rependam,</strong></span> 
     </span>
     <span class='ocr_line' id='line_1_25' title="bbox 241 3463 1066 3560; baseline -0.011 -24"><span class='ocrx_word' id='word_1_137' title='bbox 241 3471 365 3560; x_wconf 84' lang='lat' dir='ltr'><strong>Meque</strong></span> <span class='ocrx_word' id='word_1_138' title='bbox 379 3471 488 3537; x_wconf 91' lang='lat' dir='ltr'><strong>ferens</strong></span> <span class='ocrx_word' id='word_1_139' title='bbox 503 3469 592 3535; x_wconf 88' lang='lat' dir='ltr'><strong>coelis</strong></span> <span class='ocrx_word' id='word_1_140' title='bbox 607 3489 720 3535; x_wconf 86' lang='lat' dir='ltr'><strong>manus</strong></span> <span class='ocrx_word' id='word_1_141' title='bbox 735 3482 876 3534; x_wconf 90' lang='lat' dir='ltr'><strong>assumat</strong></span> <span class='ocrx_word' id='word_1_142' title='bbox 885 3463 1066 3534; x_wconf 86' lang='lat' dir='ltr'><strong>Michaelis.</strong></span> 
     </span>
    </p>
   </div>
   <div class='ocr_carea' id='block_1_6' title="bbox 267 3804 1112 3981">
    <p class='ocr_par' dir='ltr' id='par_1_11' title="bbox 267 3804 1112 3981">
     <span class='ocr_line' id='line_1_26' title="bbox 267 3804 1112 3898; baseline -0.005 -23"><span class='ocrx_word' id='word_1_143' title='bbox 267 3807 383 3898; x_wconf 86' lang='lat' dir='ltr'><em>[CAP.</em></span> <span class='ocrx_word' id='word_1_144' title='bbox 402 3807 664 3891; x_wconf 77' lang='lat' dir='ltr'><strong>VI.]-Qantiter</strong></span> <span class='ocrx_word' id='word_1_145' title='bbox 678 3810 829 3875; x_wconf 81' lang='lat' dir='ltr'><strong>itinerans</strong></span> <span class='ocrx_word' id='word_1_146' title='bbox 842 3808 925 3874; x_wconf 79' lang='lat' dir='ltr'><strong>cibos</strong></span> <span class='ocrx_word' id='word_1_147' title='bbox 939 3826 960 3872; x_wconf 88' lang='lat' dir='ltr'><strong>a</strong></span> <span class='ocrx_word' id='word_1_148' title='bbox 975 3804 1112 3872; x_wconf 72' lang='lat' dir='ltr'><strong>Domita</strong></span> 
     </span>
     <span class='ocr_line' id='line_1_27' title="bbox 590 3902 773 3981; baseline 0.022 -19"><span class='ocrx_word' id='word_1_149' title='bbox 590 3902 773 3981; x_wconf 81' lang='lat' dir='ltr'><strong>perceperit.</strong></span> 
     </span>
    </p>
   </div>
   <div class='ocr_carea' id='block_1_7' title="bbox 248 4068 1109 4422">
    <p class='ocr_par' dir='ltr' id='par_1_12' title="bbox 251 4068 966 4155">
     <span class='ocr_line' id='line_1_28' title="bbox 251 4068 966 4155; baseline -0.001 -21"><span class='ocrx_word' id='word_1_150' title='bbox 251 4068 281 4134; x_wconf 96' lang='lat' dir='ltr'>O</span> <span class='ocrx_word' id='word_1_151' title='bbox 297 4071 457 4138; x_wconf 90' lang='lat' dir='ltr'><strong>Juvenem</strong></span> <span class='ocrx_word' id='word_1_152' title='bbox 472 4071 564 4149; x_wconf 89' lang='lat' dir='ltr'><strong>tanti,</strong></span> <span class='ocrx_word' id='word_1_153' title='bbox 580 4070 633 4134; x_wconf 93' lang='lat' dir='ltr'><strong>cui</strong></span> <span class='ocrx_word' id='word_1_154' title='bbox 646 4094 705 4155; x_wconf 89' lang='lat' dir='ltr'><strong>per</strong></span> <span class='ocrx_word' id='word_1_155' title='bbox 720 4071 847 4136; x_wconf 88' lang='lat' dir='ltr'><strong>deserta</strong></span> <span class='ocrx_word' id='word_1_156' title='bbox 858 4069 966 4146; x_wconf 87' lang='lat' dir='ltr'><strong>vianti,</strong></span> 
     </span>
    </p>

    <p class='ocr_par' dir='ltr' id='par_1_13' title="bbox 248 4152 1109 4422">
     <span class='ocr_line' id='line_1_29' title="bbox 248 4152 1109 4247; baseline -0.008 -23"><span class='ocrx_word' id='word_1_157' title='bbox 248 4159 338 4224; x_wconf 91' lang='lat' dir='ltr'><strong>Dum</strong></span> <span class='ocrx_word' id='word_1_158' title='bbox 354 4183 449 4225; x_wconf 90' lang='lat' dir='ltr'><strong>cruce</strong></span> <span class='ocrx_word' id='word_1_159' title='bbox 464 4180 524 4244; x_wconf 91' lang='lat' dir='ltr'><strong>pro</strong></span> <span class='ocrx_word' id='word_1_160' title='bbox 541 4156 667 4244; x_wconf 90' lang='lat' dir='ltr'><strong>Xpristi</strong></span> <span class='ocrx_word' id='word_1_161' title='bbox 681 4159 753 4247; x_wconf 89' lang='lat' dir='ltr'><strong>(ita)</strong></span> <span class='ocrx_word' id='word_1_162' title='bbox 770 4156 906 4224; x_wconf 91' lang='lat' dir='ltr'><strong>cruciari</strong></span> <span class='ocrx_word' id='word_1_163' title='bbox 922 4169 955 4221; x_wconf 90' lang='lat' dir='ltr'><strong>te</strong></span> <span class='ocrx_word' id='word_1_164' title='bbox 970 4152 1109 4232; x_wconf 81' lang='lat' dir='ltr'><strong>voluisti,</strong></span> 
     </span>
     <span class='ocr_line' id='line_1_30' title="bbox 250 4244 1042 4334; baseline -0.008 -22"><span class='ocrx_word' id='word_1_165' title='bbox 250 4248 401 4312; x_wconf 85' lang='lat' dir='ltr'><strong>Perstans</strong></span> <span class='ocrx_word' id='word_1_166' title='bbox 413 4249 543 4334; x_wconf 83' lang='lat' dir='ltr'><strong>jejunus</strong></span> <span class='ocrx_word' id='word_1_167' title='bbox 559 4244 700 4311; x_wconf 88' lang='lat' dir='ltr'><strong>donatur</strong></span> <span class='ocrx_word' id='word_1_168' title='bbox 711 4245 752 4309; x_wconf 91' lang='lat' dir='ltr'><strong>ab</strong></span> <span class='ocrx_word' id='word_1_169' title='bbox 768 4245 891 4311; x_wconf 86' lang='lat' dir='ltr'><strong>aethere</strong></span> <span class='ocrx_word' id='word_1_170' title='bbox 905 4264 1042 4308; x_wconf 69' lang='lat' dir='ltr'><strong>munuae</strong></span> 
     </span>
     <span class='ocr_line' id='line_1_31' title="bbox 249 4329 1066 4422; baseline -0.007 -23"><span class='ocrx_word' id='word_1_171' title='bbox 249 4333 334 4400; x_wconf 89' lang='lat' dir='ltr'><strong>Nam</strong></span> <span class='ocrx_word' id='word_1_172' title='bbox 350 4338 471 4422; x_wconf 84' lang='lat' dir='ltr'><strong>majore</strong></span> <span class='ocrx_word' id='word_1_173' title='bbox 486 4355 587 4412; x_wconf 88' lang='lat' dir='ltr'><strong>mora,</strong></span> <span class='ocrx_word' id='word_1_174' title='bbox 604 4333 681 4396; x_wconf 91' lang='lat' dir='ltr'><strong>dum</strong></span> <span class='ocrx_word' id='word_1_175' title='bbox 697 4331 804 4419; x_wconf 87' lang='lat' dir='ltr'><strong>psallis</strong></span> <span class='ocrx_word' id='word_1_176' title='bbox 820 4332 961 4418; x_wconf 88' lang='lat' dir='ltr'><strong>vesperis</strong></span> <span class='ocrx_word' id='word_1_177' title='bbox 975 4329 1066 4407; x_wconf 90' lang='lat' dir='ltr'><strong>hora,</strong></span> 
     </span>
    </p>
   </div>
   <div class='ocr_carea' id='block_1_8' title="bbox 249 4413 1186 4513">
    <p class='ocr_par' dir='ltr' id='par_1_14' title="bbox 249 4413 1186 4513">
     <span class='ocr_line' id='line_1_32' title="bbox 249 4413 1186 4513; baseline -0.007 -24"><span class='ocrx_word' id='word_1_178' title='bbox 249 4421 319 4491; x_wconf 86' lang='lat' dir='ltr'><strong>Dat</strong></span> <span class='ocrx_word' id='word_1_179' title='bbox 333 4441 409 4492; x_wconf 87' lang='lat' dir='ltr'><strong>cunr</strong></span> <span class='ocrx_word' id='word_1_180' title='bbox 420 4441 517 4491; x_wconf 87' lang='lat' dir='ltr'><strong>carne</strong></span> <span class='ocrx_word' id='word_1_181' title='bbox 528 4419 659 4513; x_wconf 87' lang='lat' dir='ltr'><strong>quidem</strong></span> <span class='ocrx_word' id='word_1_182' title='bbox 673 4416 732 4488; x_wconf 89' lang='lat' dir='ltr'><strong>tibi</strong></span> <span class='ocrx_word' id='word_1_183' title='bbox 748 4436 865 4508; x_wconf 88' lang='lat' dir='ltr'><strong>panem</strong></span> <span class='ocrx_word' id='word_1_184' title='bbox 883 4417 1033 4489; x_wconf 80' lang='lat' dir='ltr'><strong>Christus</strong></span> <span class='ocrx_word' id='word_1_185' title='bbox 1048 4413 1094 4484; x_wconf 91' lang='lat' dir='ltr'><strong>ibi</strong></span> <span class='ocrx_word' id='word_1_186' title='bbox 1117 4435 1168 4483; x_wconf 89' lang='lat' dir='ltr'><strong>em</strong></span> <span class='ocrx_word' id='word_1_187' title='bbox 1177 4433 1186 4492; x_wconf 71' lang='lat' dir='ltr'><strong>t</strong></span> 
     </span>
    </p>
   </div>
   <div class='ocr_carea' id='block_1_9' title="bbox 0 0 1570 5286">
    <p class='ocr_par' dir='ltr' id='par_1_15' title="bbox 0 0 1570 5286">
     <span class='ocr_line' id='line_1_33' title="bbox 0 0 1570 5286; baseline 0 1"><span class='ocrx_word' id='word_1_188' title='bbox 0 0 1570 5286; x_wconf 95' lang='lat' dir='ltr'><strong> </strong></span> 
     </span>
    </p>
   </div>
  </div>
 </body>
</html>
