3094 5292
513 500 624 552 neers
653 502 871 552 numanum.
1217 487 1266 566 27

119 682 179 748 per
191 659 347 726 deremet
358 672 481 746 septem
496 683 597 726 annos
610 662 744 727 videret.
792 662 910 727 Manis
921 683 1050 749 quoque
1059 661 1269 727 valitudinem
1307 737 1311 742 ¹

119 749 205 813 adeo
233 747 430 834 perdiderat,
453 759 490 811 ut
515 770 575 811 nec
601 749 719 833 digitos
742 749 919 814 extendere
944 761 1062 834 posset,
1087 773 1145 814 uec
1169 749 1270 834 pugni

121 834 269 919 ejusdem
278 835 352 898 vola
367 835 541 900 imolestia
552 836 707 920 unguium
719 858 791 902 eam
802 835 1027 900 miserabiliter
1038 835 1271 920 perferentium

121 943 236 986 secura
250 935 346 985 esset.
393 919 464 986 Nec
475 922 544 1006 jam
559 922 662 986 solirm
678 945 744 986 non
759 922 975 987 auxiliabatur
987 923 1113 1008 corpori
1128 946 1187 987 suo
1203 945 1271 987 ma-

121 1031 183 1072 nus
198 1008 253 1071 illa
270 1019 479 1092 praemortua,
497 1009 722 1073 verumetiam
738 1009 865 1073 sibimet
883 1009 943 1094 ipsi
962 1009 1103 1093 graviter
1120 1011 1270 1073 nocebat.

125 1094 215 1159 Pede
231 1093 452 1159 nichilominus
468 1093 610 1159 arefacto
622 1118 659 1159 ac
672 1095 859 1160 deformiter
870 1108 1050 1173 recurvato,
1062 1095 1108 1159 ita
1117 1108 1188 1159 toto
1200 1118 1272 1159 eor·

121 1203 202 1267 pore
212 1181 327 1244 mulier
341 1181 410 1246 haec
422 1181 540 1245 inutilis
555 1181 641 1246 facte
656 1195 734 1260 erat,
746 1195 782 1245 ut
797 1205 999 1269 nequaquam
1011 1183 1079 1245 sola
1093 1204 1127 1246 se
1143 1182 1270 1246 deloco

122 1291 267 1346 movere,
290 1289 447 1354 nusquam
470 1268 529 1330 nisi
553 1268 676 1333 baculis
703 1269 954 1333 sustentantibus
976 1268 1128 1354 progredi
1151 1280 1270 1352 posset.

127 1355 278 1429 Quadam
301 1355 397 1439 igiter
418 1367 514 1440 nocte
536 1367 609 1438 post
629 1355 737 1421 solitas
759 1377 870 1440 preces
892 1355 1101 1442 lacrimasque
1129 1355 1272 1420 Domino

122 1441 221 1519 fusas,
232 1441 265 1503 in
279 1442 365 1506 lecto
377 1463 435 1506 suo
450 1441 647 1518 dormitanti,
687 1439 793 1505 uidem
810 1442 900 1506 mirae
914 1441 1158 1526 pulchritudinis
1173 1441 1272 1506 homo

122 1549 301 1614 purpuram
316 1539 484 1615 vestesque
499 1528 603 1612 regies
626 1464 769 1606 indutus,
786 1542 882 1614 prout
898 1529 958 1593 sibi
973 1528 1154 1605 videbatur,
1171 1528 1272 1592 astitit

123 1615 246 1679 dicens.
293 1616 435 1700 “Surge
458 1614 583 1693 mulier,
599 1637 694 1680 mene
716 1615 814 1692 facto,
832 1628 866 1679 et
888 1615 930 1679 ad
946 1615 1052 1679 villam
1068 1637 1180 1702 usque,
1220 1637 1273 1678 uae

127 1702 161 1765 T
159 1701 360 1787 ynemudtha
378 1701 507 1777 dicitur,
528 1702 691 1787 quomodo
706 1702 825 1787 poteris
848 1704 1016 1786 pervenire
1034 1701 1156 1766 labora.
1239 1701 1274 1765 bi

91 1861 97 1876 ⁸
124 1788 159 1851 in
182 1788 316 1852 ecclesia
339 1788 450 1853 Beatae
476 1788 616 1872 Virginis
640 1788 755 1852 Mariae
778 1788 950 1888 requiescit
978 1789 1113 1852 Sanctus
1144 1787 1218 1851 Rex
1241 1802 1274 1852 et

126 1875 256 1960 Mertyr
275 1874 431 1953 oswinus,
445 1875 535 1958 cujus
548 1876 740 1940 venerandae
755 1875 909 1959 passionis
922 1888 955 1939 et
967 1874 1180 1938 translationis
1192 1875 1275 1939 festa

122 1973 200 2046 post
215 1974 278 2025 tres
295 1960 490 2026 ebdomadas
505 1963 610 2026 annua
625 1961 798 2026 devotione
821 1961 1012 2026 reiterandae
1028 1974 1114 2026 sunt.
1159 1961 1274 2048 Ibique

124 2047 248 2112 meritis
264 2070 301 2111 ac
323 2047 471 2132 precibus
490 2048 636 2132 ejusdem
660 2049 735 2114 Deo
750 2048 839 2132 digni
864 2048 1018 2135 Martyris
1040 2048 1140 2112 hebes
1156 2048 1272 2126 sanari,

126 2133 188 2197 nisi
207 2134 339 2198 credere
355 2147 389 2198 et
405 2135 446 2198 ad
468 2135 584 2198 festum
601 2135 708 2199 venire
732 2134 939 2198 tardaveris.”
985 2134 1056 2198 Nec
1079 2135 1172 2218 plura
1186 2135 1276 2197 locu-

128 2235 191 2298 tus,
208 2221 374 2306 disparuit.
424 2221 587 2304 Evigilans
599 2221 707 2306 itaque
716 2221 846 2297 femina,
859 2233 891 2284 et
904 2222 950 2283 ob
964 2220 1148 2305 hujusmodi
1161 2242 1275 2284 vocem

128 2307 318 2386 exhilarata,
339 2320 453 2392 utpote
476 2306 837 2392 recuperandassalutis
860 2306 986 2391 cupida,
1004 2319 1077 2370 orto
1099 2307 1167 2372 sole
1189 2307 1276 2372 facta

129 2406 179 2458 est
195 2395 296 2457 omnis
312 2416 411 2458 morae
426 2393 542 2458 nescia.
597 2394 744 2481 Cumque
766 2393 888 2458 bacillis
911 2393 1021 2456 innixa
1036 2394 1126 2456 vultu
1142 2415 1273 2471 cernuo,

129 2481 187 2544 illo
201 2503 261 2544 suo
273 2503 364 2545 more
378 2502 493 2565 repere
514 2481 622 2564 potius
637 2502 733 2566 quam
756 2480 930 2566 procedere
952 2492 1092 2564 pararet,
1109 2479 1182 2546 ilico
1197 2480 1277 2544 divi·

129 2566 216 2630 nitus
230 2579 268 2629 ut
282 2566 449 2632 fatendum
461 2580 510 2631 est
525 2567 647 2652 adjuta,
665 2568 760 2631 solito
776 2591 809 2632 se
825 2567 1024 2647 alacriorem,
1036 2580 1069 2632 et
1084 2567 1126 2630 ad
1141 2589 1277 2652 pergen-

130 2653 208 2717 dum
224 2653 396 2718 firmiorem
411 2654 506 2718 fuisse
525 2655 697 2718 asserebat.
744 2653 963 2741 Nequaquam,
975 2668 1083 2718 temen
1098 2654 1139 2718 ad
1162 2654 1278 2738 preafa-

131 2753 201 2804 tum
224 2740 462 2818 monasterium,
483 2741 572 2826 quod
597 2762 661 2804 non
685 2741 788 2804 multo
810 2741 880 2824 plus
901 2739 1070 2804 duodecim
1093 2740 1234 2804 miliariis
1257 2762 1278 2802 a

132 2827 299 2891 Duuelmo
312 2827 444 2891 civitate
459 2827 567 2904 distat,
584 2838 661 2890 ante
684 2839 749 2890 tres
764 2826 956 2910 septimanas
977 2825 1171 2890 incommodi
1183 2825 1278 2888 nimi-

132 2926 221 2978 etate
236 2913 379 2990 detente,
396 2915 577 2998 pervenisse
593 2912 704 2976 valuit.
751 2913 876 2999 Cumqe
891 2912 946 2976 vix
961 2926 1091 2997 peracto
1107 2912 1220 2977 itinere
1234 2913 1278 2976 ad

135 3000 264 3086 Tynem
278 2999 411 3062 fluvium
432 2999 640 3083 pervenisset,
658 2999 738 3062 vidit
760 2999 922 3064 hominem
938 2999 971 3062 in
991 2998 1109 3063 litorali
1131 2998 1278 3064 navicula

132 3086 338 3162 residentem,
354 3098 389 3150 et
412 3100 564 3172 tanquam
580 3109 651 3150 eam
667 3085 837 3170 diligenter
852 3086 897 3150 ibi
911 3086 1162 3171 praestolantem.
1211 3084 1278 3160 Qui

133 3173 212 3237 dicit
227 3173 283 3237 illi.
316 3172 451 3236 “Visne
467 3172 527 3236 hac
543 3173 676 3236 transire
686 3174 721 3238 ?”
769 3173 832 3237 Cui
848 3173 913 3251 illa,
929 3183 952 3215 “
962 3174 1055 3237 volo’'
1071 3173 1185 3260 inquit,
1204 3183 1227 3214 ‘⁶
1240 3195 1277 3237 ac

133 3260 270 3345 supplex
281 3258 315 3321 id
329 3259 499 3344 deposco.”
547 3259 591 3322 Et
605 3259 771 3336 accedens,
786 3259 884 3323 intrat
899 3261 1039 3324 lembum
1054 3274 1087 3324 et
1100 3273 1277 3324 transeunt.

137 3346 222 3420 Quae
237 3368 312 3409 cum
326 3346 466 3410 audisset
484 3346 662 3410 Beatissimi
681 3345 779 3429 Regis
795 3358 827 3410 et
845 3346 997 3431 Martyris
1017 3346 1137 3410 Oswini
1150 3345 1279 3410 solemi-

133 3445 235 3498 tatem
250 3432 282 3496 in
297 3432 435 3496 crastino
450 3432 503 3496 die
519 3455 588 3496 esse
608 3431 842 3509 celebrandam,
860 3453 924 3497 non
944 3431 1148 3496 mediocriter
1170 3433 1279 3517 gavisa

133 3521 178 3585 ad
191 3519 419 3584 monasterium
440 3531 602 3603 properat.
650 3519 693 3582 Et
708 3519 780 3582 nei
795 3518 999 3582 multitudine
1014 3519 1190 3597 hominum,
1207 3541 1280 3603 gra·
1307 3565 1309 3571 -

134 3606 181 3671 tid
195 3605 375 3671 festivitatis
387 3627 427 3670 eo
442 3605 657 3692 undicumque
673 3604 882 3683 affluentium,
899 3617 1098 3690 premeretur
1109 3606 1160 3670 vel
1174 3605 1280 3692 inqui-

134 3707 288 3770 etaretur,
301 3692 387 3756 facta
396 3691 541 3756 oratione
553 3693 595 3756 ad
607 3691 811 3776 sepulchrum
826 3692 936 3757 Sancti
952 3692 1118 3779 Martyris,
1128 3693 1279 3778 prudenti

134 3779 270 3844 consilio
280 3779 410 3844 secessit
424 3779 457 3842 in
472 3779 621 3844 locellum
636 3779 796 3866 quendam
812 3779 975 3856 ecclesiae3
992 3779 1099 3866 ibique
1108 3779 1280 3865 separatim

134 3866 275 3932 orationi
295 3888 420 3944 vacans,
438 3879 472 3931 et
496 3865 562 3931 Dei
584 3866 833 3931 misericordiam
855 3889 929 3930 cum
944 3866 1070 3930 silentio
1093 3880 1277 3952 expectans,

134 3951 275 4039 suspiriis
297 3955 338 4018 ab
361 3955 426 4018 imo
448 3967 580 4038 pectore
603 3953 717 4030 ductis,
734 3953 892 4038 plorabat,
916 3952 1058 4036 geminas
1081 3953 1216 4018 tendens
1238 3954 1282 4017 ad

134 4041 251 4126 sydera
264 4040 395 4125 palmas.
443 4040 586 4124 Populus
601 4053 710 4104 autem
725 4039 960 4104 innumerabilis
975 4039 1229 4117 circumastabet,
1246 4052 1281 4104 et

136 4127 281 4192 Domino
303 4127 513 4212 supplicabat,
530 4139 568 4191 ut
589 4147 662 4190 eam
683 4126 732 4189 sui
756 4127 909 4212 Martyris
932 4125 1080 4210 precibus
1103 4137 1135 4188 et
1158 4124 1280 4190 meritis

135 4236 249 4278 sanare
264 4213 462 4298 dignaretur.
511 4212 600 4287 Quid
614 4235 722 4276 moror
737 4212 769 4275 in
784 4212 903 4276 multis.
950 4212 1113 4295 Tempore
1127 4211 1197 4297 jam
1211 4233 1291 4276 ves·-

134 4300 263 4386 pertino
286 4300 533 4388 propinquante,
558 4298 656 4384 coepit
670 4299 785 4363 mulier
808 4298 974 4363 sanitatem
996 4297 1151 4383 recipere.
1197 4299 1282 4364 Mox

135 4409 216 4472 ergo
240 4387 304 4452 Dei
320 4387 439 4452 virtute
455 4385 590 4453 mirabili
613 4385 800 4449 mirabiliter
822 4397 986 4468 operante,
999 4408 1114 4469 corpus
1129 4387 1185 4450 diu
1208 4408 1284 4449 con-

136 4487 275 4540 tractum
303 4473 425 4542 ossibus
452 4487 486 4538 et
512 4475 617 4538 nervis
643 4470 801 4557 perditam
821 4471 885 4535 vim
909 4471 1144 4556 recipientibus,
1168 4471 1284 4538 mirum
