3094 5292
501 517 612 602 aneis
640 553 862 612 oaiuouuiu.
1233 539 1257 608 3

93 726 168 778 non
184 713 284 789 novit,
303 713 439 776 Sanetus
460 712 795 802 Oskwaldus‘armatus,
810 713 1132 797 praefatoCoedwalae
1141 714 1257 780 obvius

102 800 136 862 in
149 801 220 866 loeo
232 800 287 887 qui
301 800 421 864 dicitur
437 800 663 866 Denisebuma
675 799 813 864 occurrit
826 823 835 876 ;
852 800 1070 887 traditumque
1083 799 1100 864 a
1113 801 1257 871 Domino

102 886 134 950 in
149 909 259 952 manus
275 910 347 952 suas
359 887 436 951 fidei
452 887 620 952 Cristianae
635 887 863 968 insectatorem
877 887 1143 974 credentiumque
1155 911 1258 974 popu-

91 973 237 1046 jlatorem
261 977 293 1038 in
317 993 373 1037 ore
397 974 497 1058 gladii
519 974 695 1058 percussit:
719 987 753 1038 et
776 997 842 1038 non
862 975 966 1039 solum
989 975 1096 1038 fratris
1113 975 1257 1040 AEnfridi

89 1081 265 1125 successor
291 1061 522 1138 Berniciorum,
540 1061 597 1125 sed
612 1061 702 1148 quasi
719 1053 874 1127 AEdwino
896 1061 1055 1126 avunculo
1075 1085 1135 1127 suo
1153 1064 1193 1126 ab
1209 1062 1257 1142 in-

89 1159 220 1212 ,testato
243 1148 428 1224 succedens,
445 1170 504 1232 per
526 1170 642 1211 novem
663 1169 763 1211 annos
786 1160 955 1234 utramque
978 1147 1122 1214 inuram
1148 1149 1257 1216 Nord-

103 1235 369 1318 thanymbrorum
394 1249 525 1318 gentem
551 1234 711 1322 redigens,
737 1235 861 1298 summa
883 1257 956 1298 cum
983 1235 1135 1321 aequitate
1158 1236 1255 1301 rexit.

104 1319 252 1387 Tandem
274 1333 348 1406 post
369 1344 484 1404 regum
510 1336 741 1406 apostatarum,
772 1320 876 1386 Osriei
892 1320 1022 1386 scilicet
1043 1336 1076 1386 et
1099 1323 1254 1409 AEnfridi,

101 1421 239 1480 mortem
262 1409 372 1492 elapso
395 1408 563 1484 decennio,
582 1409 599 1473 i
626 1409 737 1473 Pendal
762 1408 960 1472 Marciorum
979 1431 1057 1496 rege
1080 1431 1206 1494 pagano
1222 1409 1255 1474 in

88 1495 174 1558 loco
189 1496 244 1580 qui
262 1494 439 1558 Maresfeld
454 1495 581 1570 dicitur,
602 1496 738 1560 Sanetus
759 1495 926 1560 Oswaldus
942 1494 1115 1560 discrimini
1137 1497 1255 1581 patuit,

102 1594 134 1644 et
160 1581 259 1665 gladii
279 1581 553 1646 animadversione
569 1582 611 1646 ad
634 1582 775 1647 caelestia
785 1604 890 1666 regna
905 1583 1076 1647 translatus
1091 1598 1161 1659 est;
1184 1607 1256 1648 suc·

84 1668 260 1754 cessitque
277 1671 307 1732 ei
327 1669 359 1731 in
378 1691 514 1756 regnum
532 1669 633 1733 frater
648 1672 715 1756 ejus
735 1669 853 1734 nothus
874 1668 961 1733 Oswi
978 1670 1119 1753 juvenis,
1134 1671 1257 1736 tricesi-

101 1777 189 1818 mum
199 1757 266 1838 jam
279 1778 377 1844 agens
393 1779 522 1833 annum,
537 1778 735 1843 regnumque
751 1768 935 1841 susceptum
950 1779 1008 1842 per
1020 1779 1119 1822 annos
1134 1757 1200 1821 duo
1212 1759 1256 1822 de

102 1841 234 1925 triginta
256 1842 502 1909 laboriosissime
519 1845 633 1908 tenuit.
681 1844 843 1928 Tempore
866 1855 975 1908 autem
998 1866 1063 1930 quo
1090 1845 1255 1910 Caedwala

102 1930 266 2013 tyrannica
289 1931 379 1994 clade
399 1931 546 2008 vastavit,
568 1931 618 1996 vel
646 1931 781 1996 Sanctus
807 1931 974 1996 Oswaldus
992 1931 1080 2016 regial
1100 1932 1255 2019 aequitate

103 2032 168 2078 tam
193 2017 376 2103 Deyrorum
393 2041 488 2104 quam
517 2018 739 2084 Berniciorum
754 2032 887 2106 gentem
906 2019 1097 2098 moderavit,
1119 2020 1254 2085 Sanctus

107 2103 254 2168 Oswinus
266 2105 343 2178 exul
359 2105 654 2188 agens,‘Cristianae
669 2105 832 2188 religionis
847 2106 1002 2190 pietatem
1014 2109 1141 2192 juvenis
1157 2129 1256 2172 exco-

101 2189 178 2265 luit;
194 2192 344 2276 omnique
357 2214 482 2254 morum
493 2191 660 2255 nobilitate
671 2214 843 2275 generosos
854 2193 977 2255 natales
990 2192 1126 2256 ornavit.
1175 2194 1255 2260 Erat

101 2276 187 2340 enim
214 2277 331 2341 virtute
356 2292 514 2356 strenuus,
543 2291 649 2342 mente
675 2301 786 2354 senex,
812 2279 911 2344 affatu
935 2278 1073 2356 humilis,
1099 2278 1255 2364 sapientia

100 2363 266 2440 sublimis3
289 2387 384 2450 quam
407 2364 454 2449 pii
469 2365 575 2428 cordis
591 2366 806 2430 venerabatur
828 2365 1014 2430 continuata
1031 2367 1182 2431 devotio:
1208 2381 1252 2445 et,

102 2464 137 2513 ut
153 2450 280 2528 dicitur,
299 2454 413 2515 mentis
429 2451 549 2536 pariter
565 2465 598 2515 et
614 2452 756 2536 corporis
769 2453 988 2537 integritatem
1009 2453 1153 2519 Domino
1168 2455 1255 2519 intus

100 2537 133 2598 in
156 2537 262 2601 animo
279 2561 476 2616 consecrans,
494 2539 631 2604 alterum
647 2562 681 2604 se
701 2541 834 2624 Joseph,
852 2552 886 2604 et
909 2540 1044 2606 decorus
1059 2557 1191 2626 aspectu
1207 2556 1254 2620 et,

99 2637 218 2702 castus,
234 2625 319 2689 inter
342 2627 427 2690 cives
451 2627 625 2712 AEgyptios
649 2627 807 2708 exhibuit.
849 2628 1104 2716 ,Observansque
1127 2641 1254 2714 tempus

99 2734 276 2795 congruum
294 2713 451 2776 redeundi
465 2713 508 2777 ad
523 2713 670 2798 patriam,
688 2737 763 2779 ecce
780 2716 911 2778 tandem
926 2729 1000 2799 post
1016 2715 1172 2780 actumin
1188 2717 1255 2788 exi-

98 2797 144 2861 lio
159 2799 361 2878 decennium,
380 2800 503 2864 audivit
518 2823 627 2889 regem
647 2801 833 2866 Oswaldum
853 2801 1018 2866 demedio
1034 2803 1066 2866 in
1082 2825 1138 2867 ore
1153 2803 1254 2890 gladii

99 2886 271 2964 sublatum,
288 2887 489 2974 fratrumque
505 2889 573 2972 ejus
598 2887 685 2953 Oswi
700 2909 760 2972 pro
776 2911 816 2952 eo
827 2888 860 2951 in
875 2910 1011 2972 regnum
1026 2887 1252 2955 sublimatum:

99 2972 244 3060 initoque
271 2996 344 3038 cum
371 2975 436 3038 suis
462 2974 604 3052 consilio,
632 2974 816 3060 Deyrorum
842 2975 1251 3061 provinciamrevertitur,

97 3059 207 3146 ibique
234 3083 308 3124 cum
334 3085 459 3126 summo
485 3062 608 3145 honore
631 3064 673 3126 ab
700 3063 847 3127 omnibus
875 3063 1064 3149 suscipitur:
1088 3086 1253 3151 parvoque

98 3148 252 3232 temporis
268 3150 449 3227 intervallo,
467 3149 626 3234 principes
648 3150 865 3250 primatesque
880 3150 971 3236 regni
994 3151 1078 3216 illius
1094 3174 1255 3218 convene-

97 3248 175 3299 runt
202 3235 234 3298 in
261 3259 370 3316 unum,
397 3237 696 3324 communicatoque
724 3238 916 3304 unammiter
942 3239 1085 3317 consilio,
1114 3239 1252 3306 Beatum

101 3321 267 3387 Oswinum
289 3323 497 3407 haereditarii
503 3323 584 3407 juris
608 3325 807 3389 successione
828 3325 1012 3410 Deyrorum
1036 3325 1203 3391 dominum
1218 3329 1252 3405 in

96 3431 207 3492 regem
238 3410 456 3489 sublimantes,
488 3411 577 3494 regib
607 3413 746 3495 purpura
776 3426 983 3484 ornaverunt,
1032 3413 1111 3476 Erat
1141 3428 1252 3488 autem

100 3496 237 3560 Sanctus
262 3497 420 3573 Oswiuus,
437 3510 474 3561 ut
497 3498 597 3560 refert
617 3497 817 3562 Venerabilis
844 3498 945 3562 Baeda
967 3498 1135 3584 presbiter,
1154 3514 1186 3564 et
1202 3524 1250 3569 as-

94 3594 194 3666 pectu
211 3597 375 3660 venustus,
393 3597 427 3647 et
443 3584 564 3648 statura
580 3583 733 3661 sublimis,
751 3597 782 3649 et
797 3586 896 3650 affatu
915 3585 1087 3670 jocundus,
1105 3599 1137 3651 et
1154 3589 1251 3664 mori-

93 3671 157 3732 bus
180 3669 291 3746 civilis,
310 3684 343 3736 et
359 3693 454 3734 manu
475 3671 623 3736 omnibus
642 3672 803 3737 nobilibus
823 3673 917 3738 simul
937 3686 1034 3760 atque
1055 3673 1248 3759 ignobilibus

92 3757 214 3840 largus.
257 3757 336 3822 Erat
345 3757 429 3823 enim
446 3757 604 3843 piissimus
621 3773 653 3824 et
663 3762 750 3824 omni
762 3761 922 3826 suavitate
934 3763 1134 3846 conspicuus,
1148 3776 1247 3850 atque

91 3843 141 3910 ita
156 3843 240 3909 inter
255 3845 369 3911 divites
385 3858 417 3910 et
432 3869 590 3932 pauperes
602 3847 737 3925 medius,
755 3861 791 3912 ut
806 3871 963 3933 pauperes
978 3847 1067 3914 illum
1084 3853 1175 3936 quasi
1190 3875 1247 3936 pa-

92 3953 165 3996 rem
179 3932 358 4018 aspicerent
371 3957 380 4008 ;
397 3932 512 3997 divites
528 3957 606 3998 vero
622 3934 712 4021 quasi
728 3935 927 4021 superiorem
946 3935 1005 3999 sibi
1021 3935 1154 4002 divitem
1168 3941 1247 4024 esti·

91 4032 231 4084 manent.
279 4021 425 4105 Corpore
451 4021 587 4104 integer,
615 4021 743 4106 ingenio
768 4023 918 4107 optimus,
941 4022 1074 4087 consilio
1096 4045 1242 4108 magnus,

91 4129 194 4190 opere
221 4121 360 4172 sanctus.
410 4108 508 4173 Unde
531 4108 677 4192 contigit,
694 4121 731 4172 ut
750 4111 792 4173 ob
811 4110 931 4194 regiam
952 4110 1021 4194 ejus
1040 4123 1074 4174 et
1093 4109 1190 4176 animi
1209 4127 1243 4187 et

91 4193 202 4257 vultis
222 4194 474 4282 meritorumque
490 4195 679 4278 dignitatem
693 4197 734 4261 ab
757 4196 904 4262 omnibus
919 4195 1118 4281 diligeretur,
1135 4211 1169 4264 et
1184 4223 1244 4266 un·
1320 4209 1323 4217 '

90 4279 193 4366 dique
208 4282 249 4348 ad
265 4284 333 4369 ejus
349 4282 559 4348 ministerium
573 4283 615 4347 de
638 4283 818 4370 longinquis
833 4305 962 4372 quoque
983 4283 1164 4369 provinciis,
1184 4288 1243 4355 viri

89 4365 193 4432 etiam
220 4369 405 4434 nobilissimi
432 4384 682 4436 concurrerent:
710 4394 907 4458 summaeque
935 4371 1040 4436 cultor
1065 4371 1240 4458 religionis,

86 4453 267 4540 provincioe
292 4455 476 4543 Deyrorum
498 4475 621 4544 septem
643 4459 733 4524 annis
755 4459 787 4528 in
810 4460 951 4542 maxima
970 4482 1078 4526 rerum
1100 4458 1242 4537 omniunt
1312 4487 1317 4494 ·

88 4540 268 4622 affluentia
284 4556 317 4624 et
332 4544 400 4630 ipse
416 4545 558 4612 amabilis
574 4546 721 4614 omuibus
744 4547 885 4634 praefuit.
932 4545 1003 4616 Nec
1018 4562 1242 4624 renim-terre·

636 4638 692 4698 ΑἹ
