3132 5286
500 477 639 530 sanem
666 477 906 534 curnnnari.
1226 469 1273 552 71

119 645 232 710 omnia
257 642 395 728 diligens
411 644 589 708 absentiam
606 644 675 728 ejus
690 644 746 708 vix
762 665 987 735 quemcunque
1017 651 1097 731 [ita]
1121 651 1277 718 sustinere

118 732 244 818 potuit.¹
277 731 482 817 Baptismatis
498 755 577 796 vero
593 745 792 798 sacramenta
804 736 950 820 percepit
959 735 992 800 in
1008 735 1137 804 civitate
1152 763 1226 828 quae
1236 742 1277 806 ab

118 822 166 888 eis
185 818 428 886 Hartlbrechins
453 827 505 902 [or
521 821 785 904 Hartwrechins]
797 820 926 889 dicitur.

594 1135 714 1214 [cna.
738 1135 801 1218 x]

164 1356 320 1434 Quadam
335 1379 413 1423 vero
429 1357 492 1437 die,
510 1359 587 1422 dum
605 1358 796 1444 Episcopus,
814 1381 904 1426 more
930 1362 1206 1454 Hybernensium,
1225 1398 1276 1440 ar-

118 1459 303 1510 mentorum
326 1469 456 1511 suorum
481 1446 577 1510 ovilia
592 1448 752 1511 solitarius
769 1448 927 1527 circuiret,
952 1457 1088 1543 contigit
1114 1472 1151 1523 ut
1167 1485 1275 1530 secum

117 1533 291 1619 puerulum
316 1533 480 1619 spaciandi
507 1535 617 1623 gracia
648 1536 868 1602 conduxisset.
915 1539 1044 1615 Quibus
1071 1545 1147 1610 durii
1179 1575 1276 1620 vacca

116 1644 294 1710 praegnans
310 1638 502 1701 occurreret,
520 1623 645 1701 accidit,
671 1637 707 1688 ut
723 1647 815 1709 puer,
840 1626 954 1692 obvius
970 1630 1016 1692 illi
1041 1655 1219 1717 accurrens,
1244 1657 1276 1708 et

117 1710 239 1775 diutius
252 1710 340 1774 illam
356 1712 495 1787 intuens,
521 1713 638 1796 saepius
660 1713 814 1777 recedens
831 1729 863 1778 et
878 1715 1003 1779 rediens
1019 1725 1138 1786 ventris
1153 1725 1276 1796 inclusa

117 1813 153 1864 et
170 1820 270 1862 onera
285 1799 475 1863 admirando
491 1799 682 1864 colluderet.
731 1801 906 1866 Subridens
925 1803 1103 1892 Episcopus
1119 1813 1228 1902 itaque
1243 1833 1276 1884 et

117 1911 257 1967 puerum
285 1887 407 1973 aliquid
430 1889 545 1952 secreti
562 1888 735 1952 rimantem
752 1890 877 1954 contius
895 1897 928 1976 [Ρ
944 1905 1120 1982 contuens],
1148 1913 1169 1946 “
1182 1908 1273 1990 age,”

115 1975 245 2062 inquid,
273 1983 293 2016 “
303 1997 394 2058 puer,
412 1989 442 2039 et
460 1977 542 2060 patri
559 1990 614 2040 tuo
630 1977 730 2040 dicito
746 1980 824 2062 quid
840 1980 957 2044 occulti
974 1985 1105 2049 misterii
1120 1990 1152 2052 iri
1169 2015 1274 2080 praeg-

116 2064 224 2127 nantis
256 2063 382 2127 buculae
412 2063 530 2127 videris
553 2065 675 2128 utero.”
724 2066 785 2128 Cui
815 2089 908 2150 puer,
933 2092 998 2132 non
1015 2075 1190 2158 pueriliter,
1216 2089 1273 2164 ait,

119 2152 267 2236 “Hujus
283 2153 479 2240 praegnantis
496 2174 601 2215 vaccae
627 2166 754 2215 uterum
772 2153 906 2218 sollicite
923 2156 1048 2222 diucius
1072 2170 1273 2252 conspiciens

117 2240 217 2304 video
232 2238 353 2325 aliquid
378 2239 479 2303 inesse
495 2240 654 2318 mirabile,
672 2241 760 2326 quod
776 2255 884 2305 tamen
901 2246 1026 2308 matrici
1051 2253 1168 2318 sobolis
1184 2261 1272 2325 vide·

115 2341 173 2392 tur
195 2349 325 2412 prorsus
348 2341 498 2391 naturam
525 2329 691 2392 excedere.
740 2329 824 2392 Nam
848 2352 921 2393 cum
948 2334 1018 2417 ipsa
1043 2337 1126 2426 nigri
1157 2347 1274 2415 col0ris

117 2415 263 2481 exterius
284 2428 353 2480 tota
367 2427 565 2501 compareat,
587 2416 679 2479 nimis
703 2417 832 2480 videtur
855 2441 923 2481 esse
938 2420 1083 2490 mirabile
1099 2451 1162 2516 qua
1178 2459 1273 2504 causa

116 2503 248 2569 latentis
264 2516 389 2568 naturae
406 2503 588 2568 dissimilem
601 2505 714 2568 foetum
730 2507 915 2591 concepisse
925 2512 1110 2593 praevaleat.
1143 2521 1273 2592 Vitulus

117 2592 263 2681 quidem,
280 2591 336 2679 qui
357 2592 493 2656 interius
509 2592 677 2670 delitescit,
703 2605 790 2658 totus
817 2594 963 2660 rubicula
988 2600 1095 2669 colore
1110 2607 1253 2679 flavescit
1264 2641 1272 2694 ;

120 2693 279 2746 ettamen
303 2680 336 2743 in
350 2680 466 2744 frontis
483 2681 602 2745 vertice
619 2681 718 2744 instar
734 2683 835 2744 stellae
857 2684 1021 2750 candentis
1037 2691 1172 2760 sormam
1189 2725 1273 2786 prae.

117 2769 206 2833 ferre
232 2769 384 2845 cernitur,
411 2791 484 2855 quae
507 2769 590 2832 nivis
613 2769 750 2832 recentis
766 2769 966 2833 similitudini
981 2781 1173 2849 omnimodis
1189 2813 1274 2855 eoae·

116 2870 248 2944 quatur.
297 2855 467 2934 Nemora,
484 2879 656 2942 praegnans
672 2878 768 2919 vacca
783 2855 880 2920 foetus
896 2865 1054 2942 exposuit,
1073 2885 1105 2933 et
1123 2876 1269 2960 vitulum,

117 2946 249 3032 qualem
269 2966 351 3028 puer
374 2945 571 3028 praedixerat
599 2943 778 3028 parturivit.
824 2944 1013 3011 Admiratus
1036 2975 1113 3043 ergo
1139 2962 1273 3049 Episco.

116 3057 192 3119 pus,
216 3032 397 3118 prophetiae
421 3031 566 3117 spiritum
591 3030 676 3095 illius
698 3033 823 3117 pectori
839 3031 943 3099 inesse
965 3037 1089 3123 didicit,
1114 3061 1146 3113 et
1162 3061 1275 3138 quanti

117 3121 208 3206 apud
231 3122 342 3184 Deum
366 3122 473 3184 meriti
495 3119 702 3204 postmodum
729 3133 812 3184 esset
841 3120 968 3187 futurus
985 3149 1026 3191 ex
1050 3134 1204 3206 miraculo
1225 3148 1273 3212 iii.

117 3222 225 3273 stante
248 3208 423 3291 praesensit.
472 3209 679 3294 Puerumque
710 3231 752 3308 ex
779 3232 819 3271 eo
844 3225 989 3309 ternpore
1015 3218 1158 3291 devotius
1175 3236 1273 3321 coepit

117 3296 347 3382 amplectendo
363 3297 522 3374 excolere,
548 3311 580 3361 et
595 3296 793 3360 dulcioribus
809 3319 924 3381 saepius
952 3303 1097 3393 alloquiis
1121 3330 1153 3380 et
1180 3323 1272 3387 obse.

116 3385 203 3473 quiis
227 3385 483 3472 congratulando
498 3383 680 3451 confovere.

310 3695 410 3762 CAP.
427 3694 682 3762 XI.-Assercio
699 3694 836 3759 Martia
850 3697 1094 3793 Arcaiapisaopt.

169 3921 333 3994 Quoniam
349 3943 431 4008 puer
448 3921 583 3984 Domini
599 3920 748 3985 omnibus
761 3921 865 3986 clarus
882 3927 1003 4010 extitit,
1019 3957 1038 3998 a
1053 3947 1193 4020 paternis
1209 3955 1274 4018 suis

119 4009 271 4097 quaedam
288 4009 409 4075 cariora
433 4007 568 4072 donaria
583 4011 738 4093 percepit.
767 4011 855 4074 lnter
871 4036 955 4098 quae,
981 4026 1144 4105 quoddam
1162 4037 1275 4106 tintin-

116 4098 287 4176 nabulum,
303 4100 391 4185 quod
411 4097 455 4162 lin
480 4120 522 4160 ua
538 4118 651 4160 eorum
678 4101 768 4162 helim
783 4098 912 4176 dicitur,
929 4103 1051 4189 habuit,
1070 4122 1158 4202 quod
1183 4149 1274 4196 „1012

122 4179 391 4272 Hybernensium
418 4122 503 4250 coilo
534 4184 745 4249 circumtulit.
792 4187 921 4252 Accidit
952 4193 1052 4277 igitur
1078 4206 1161 4275 forte
1209 4220 1274 4283 uod

118 4275 218 4339 kelim
249 4277 344 4360 pueri
359 4275 452 4360 lapsu
469 4271 521 4336 vel
547 4272 688 4371 impulsu
713 4273 1037 4376 aliquouconfractuni
1060 4291 1168 4381 fuerit,
1187 4308 1275 4392 quod

118 4385 222 4450 puero
238 4363 471 4449 perplurimam
486 4360 608 4424 doloris
620 4371 810 4425 moesticiam
825 4363 945 4435 intulit.
980 4371 1075 4446 Tunc
1091 4389 1276 4462 columbina

117 4454 236 4518 ductus
268 4451 485 4538 simplicitate,
512 4447 643 4515 fabrum
662 4449 750 4514 solus
774 4450 868 4527 adiit,
883 4465 916 4518 et
941 4470 977 4524 ut
993 4484 1055 4550 pro
1069 4471 1136 4541 Dei
1163 4502 1275 4551 amore
