3132 5286
278 408 350 482 124
797 425 890 480 vrrs

278 592 522 659 elemosinarum
548 591 699 678 operibus
729 592 891 670 intentus3
923 589 1096 678 disciplinis
1127 588 1347 656 ecclesiasticis
1379 612 1424 656 ex

278 680 433 768 propositi
458 692 535 746 voto
549 681 713 758 redditus3
737 699 770 746 et
792 702 1002 769 quaecumque
1024 702 1081 766 per
1096 678 1242 766 spiritum
1268 681 1424 745 Sanctum

279 770 407 858 agenda
414 771 577 854 cognovit,
588 768 716 834 sedulus
728 793 766 835 ac
776 771 910 835 devotus
920 768 1151 834 amministrare
1164 769 1298 834 curavit.
1326 770 1426 834 Cum-

279 882 343 946 que
355 858 426 946 pius
442 857 603 924 Dominus
615 857 685 944 pios
701 858 770 944 ejus
785 859 911 924 labores
920 874 1042 922 aeternn
1056 857 1204 922 mercede
1216 880 1427 923 remunerare

280 946 482 1026 decrevisset,
510 959 614 1012 tactus
651 961 700 1011 est
731 948 846 1012 morbo
872 946 1026 1012 acerrimo
1052 946 1299 1025 interaneorum,
1327 970 1426 1035 quem

279 1035 397 1099 medici
408 1034 632 1100 discenteriam
646 1049 771 1104 vocant.
824 1035 898 1110 Quo
909 1057 969 1122 per
984 1036 1053 1100 dies
1068 1036 1320 1123 ingravescente,
1337 1036 1427 1101 velut

280 1145 394 1188 aurum
417 1145 476 1210 per
502 1126 610 1211 ignem
636 1124 848 1203 examinatus,
876 1124 1013 1189 decocta
1042 1123 1186 1188 omniurn
1215 1137 1425 1210 peccatorum

279 1210 437 1300 rubigine,
454 1211 539 1278 diem
550 1212 663 1278 clausit
678 1226 877 1290 extremum3
902 1235 938 1278 ac
960 1210 1051 1301 regni
1067 1210 1203 1276 coelestis
1221 1213 1337 1297 januas
1351 1235 1426 1299 per-

277 1313 378 1386 petuo
401 1302 544 1367 victurus
559 1299 700 1380 intravit,
717 1316 872 1387 regnante
893 1301 1024 1366 domino
1047 1313 1158 1366 nostro
1173 1300 1250 1366 Jesu
1264 1302 1395 1368 Christo
1411 1323 1422 1379 3

280 1388 331 1454 cui
341 1403 388 1453 est
403 1388 509 1453 honor
524 1407 558 1454 et
572 1389 675 1477 gloria
689 1391 723 1454 in
735 1389 841 1455 secula
856 1389 1047 1458 seculorum.
1095 1391 1214 1455 Amen.

325 1477 475 1560 Sepultus
487 1499 564 1541 vero
580 1490 629 1542 est
646 1480 742 1564 juxta
757 1477 927 1543 sacrarium
941 1478 1083 1544 ecclesiae
1106 1478 1251 1565 praefatae
1269 1477 1425 1564 Haugus-

279 1564 434 1630 taldensis
449 1563 491 1630 ad
505 1563 632 1653 plagam
645 1565 864 1646 meridianam,
882 1579 915 1631 et
929 1589 1030 1654 parva
1049 1565 1173 1652 capella
1186 1565 1316 1653 lapidea
1330 1589 1427 1654 supra

280 1654 442 1718 tumulum
468 1653 536 1738 ejus
560 1667 743 1721 constructa
757 1668 814 1720 est.
859 1655 914 1721 De
936 1678 1000 1743 quo
1016 1654 1089 1722 loco
1104 1655 1259 1720 incertum
1284 1655 1426 1720 habetur

280 1765 300 1806 a
330 1764 396 1828 quo
422 1741 595 1806 translatus
626 1741 677 1821 sit,
701 1767 739 1808 ac
769 1743 851 1808 infra
872 1743 1037 1809 ecclesiam
1060 1742 1093 1808 in
1119 1745 1238 1809 scrinio
1260 1745 1424 1832 condigno

278 1831 404 1895 honore
416 1829 603 1896 collocatus.
648 1833 804 1897 Attamen
816 1832 985 1898 verisimile
992 1831 1117 1897 videtur
1131 1831 1222 1896 illum
1233 1833 1422 1898 translatum

280 1918 376 1982 fuisse
391 1917 432 1982 ab
448 1916 584 1984 Aliredo
598 1917 666 1984 filio
691 1919 900 2000 Westuerunr,
928 1921 1105 2006 presbitero
1122 1919 1349 1986 Duuelmensis
1372 1943 1425 1986 ec-

279 2006 395 2084 elesioe,
412 2004 467 2093 qui
482 2005 679 2074 venerabiles
695 2008 761 2093 ejus
788 2031 984 2075 successores
1008 2012 1129 2074 Accam
1153 2020 1187 2074 et
1203 2009 1424 2075 Alcmuudum

279 2093 421 2193 deterre
443 2093 560 2162 levavit
574 2119 611 2164 ac
633 2095 719 2162 intra
742 2097 908 2165 ecclesiam
923 2097 958 2166 in
980 2097 1104 2166 feretris
1126 2095 1302 2166 honorilice
1325 2097 1424 2166 collo-

281 2197 374 2250 cavit.

370 2495 513 2574 Qualiter
528 2500 704 2582 prohibitas
725 2507 770 2566 est
799 2499 933 2570 Hamas
956 2503 1162 2570 Eboracensis
1176 2499 1338 2587 Aeliepis·

410 2607 503 2668 copas
513 2607 622 2670 eorpus
636 2591 743 2655 Sancti
757 2591 850 2656 Eatae
860 2594 905 2657 ad
918 2593 1093 2658 Eboracum
1107 2593 1290 2676 beneficae.

326 2815 424 2881 Anno
450 2816 491 2882 ab
514 2817 740 2886 incarnacione
764 2820 897 2888 Domini
914 2843 1040 2902 ncxnr,
1056 2822 1282 2910 pontificatum
1300 2818 1425 2885 Ebora-

282 2906 384 2968 censis
406 2904 550 2970 ecclesiae
565 2907 718 2973 nobiliter
733 2911 986 2978 amministrante
1001 2914 1072 2977 viro
1082 2911 1235 2998 jocundae
1249 2910 1425 2987 memoriae,

283 2991 412 3057 Thoma
438 2994 590 3073 secunde,
617 2997 767 3063 adierunt
791 2999 897 3085 ipsum
921 2997 1208 3088 Archiepiscopum
1225 2998 1357 3086 quidam
1381 3020 1425 3062 ex

281 3080 558 3146 archidiaconibus
571 3094 605 3146 et
619 3085 740 3150 clericis
756 3091 898 3175 ejusdem
911 3089 1065 3168 ecclesiae,
1079 3102 1111 3155 et
1123 3090 1213 3177 quasi
1226 3087 1426 3153 consulendo

282 3168 498 3256 suggerebant
517 3171 661 3256 providae
677 3175 744 3260 ejus
760 3177 965 3256 solicitudini,
982 3189 1215 3265 conquerentes
1230 3178 1317 3240 inter
1332 3199 1377 3252 se,
1394 3188 1427 3240 et

281 3255 425 3322 dicentes
441 3259 536 3324 nimis
551 3259 703 3345 injustum
715 3278 749 3329 et
760 3264 967 3332 indiscretum
976 3281 1084 3331 actum
1095 3287 1164 3331 esse
1175 3265 1322 3330 ecclesiae
1335 3264 1427 3329 Ebo-

280 3347 412 3424 recensi,
437 3347 525 3434 quod
551 3348 640 3414 nullo
666 3365 850 3420 sanctorum
874 3357 1097 3442 episcoporum
1120 3377 1251 3420 suorum
1268 3352 1426 3438 corporali

279 3435 451 3520 praesentia
478 3435 636 3502 honorata
662 3455 756 3520 esset,
785 3444 841 3507 sed
866 3467 976 3509 omnes
1003 3443 1036 3507 in
1060 3442 1130 3508 aliis
1156 3443 1296 3510 ecclesiis
1311 3440 1426 3506 merito

281 3521 460 3587 sanctitatis
484 3546 551 3588 suae
574 3526 617 3588 ab
640 3530 728 3593 omni
750 3531 871 3616 populo
887 3531 1054 3598 sullimiter
1069 3543 1309 3598 venerarentur.
1358 3529 1428 3595 Ad-

274 3613 422 3698 jecerunt
446 3625 552 3677 autem
577 3613 700 3698 justum
728 3641 806 3698 esse,
832 3633 869 3684 ut
891 3622 958 3707 ipse
986 3620 1257 3709 Archiepiscopus
1281 3619 1428 3684 omnium

281 3699 395 3766 annisu
416 3722 450 3765 se
476 3699 713 3784 intromitteret,
737 3706 789 3772 vel
812 3729 913 3773 unum
939 3707 1079 3798 aliquem
1104 3721 1271 3796 pastorum
1294 3728 1428 3772 suorum

281 3785 487 3876 antiquorum
520 3788 563 3853 ad
596 3805 730 3858 matrem
760 3794 928 3863 ecclesiam
958 3818 1129 3874 revocare3
1163 3819 1205 3862 ne
1235 3792 1425 3862 omnimodo

280 3875 464 3942 veneranda
477 3874 682 3980 reliquiarum
700 3905 811 3950 eorum
826 3884 998 3972 prasentia
1021 3885 1136 3952 orbata
1161 3905 1232 3951 esse
1251 3883 1426 3950 videretur.

280 3963 326 4030 Et
340 3964 493 4054 quoniam
508 3986 631 4052 primus
654 3971 904 4060 Archipontifex
929 3971 1071 4064 ejusdem
1098 3971 1242 4040 ecelesiae
1258 3970 1426 4052 Paulinus,

279 4051 336 4118 sed
363 4065 396 4118 et
421 4073 604 4123 succesores
634 4057 703 4145 ejus
730 4081 823 4149 aeque
850 4058 910 4128 viri
941 4060 1054 4143 sancti,
1083 4059 1269 4140 Wiliridus,
1293 4059 1425 4140 scilicet,

283 4138 427 4221 ceadda,
443 4141 464 4208 J
466 4140 608 4212 ohannes
624 4161 658 4212 et
667 4147 836 4216 Oswaldus
851 4149 885 4216 in
901 4161 992 4217 tenta
1005 4147 1218 4217 veneracione
1232 4149 1267 4216 in
1282 4147 1426 4216 ecclesiis

275 4226 352 4309 illis,
368 4228 403 4294 in
418 4228 534 4318 quibus
549 4231 689 4301 almifica
702 4258 814 4304 eorum
837 4259 975 4327 corpora
996 4236 1138 4328 reposita
1160 4248 1246 4319 sunt,
1262 4235 1427 4304 habeban-

278 4328 343 4395 tur,
359 4329 395 4384 ut
410 4317 452 4385 de
465 4317 528 4387 illis
543 4322 776 4392 transferendis
791 4325 911 4394 frustra
925 4328 1045 4395 inlrent
1059 4325 1239 4408 consilium,
1256 4335 1429 4484 coeperunt

278 4425 394 4498 rogare
409 4429 482 4478 eum
503 4409 815 4500 quatinussancturu
834 4415 952 4501 Eatan,
970 4415 1112 4488 ecclesiae
1130 4415 1305 4504 Haugusta
1317 4409 1425 4486 densis
