3132 5286
314 457 367 524 64
763 472 856 526 vira
885 470 1024 524 oswnu

313 633 395 722 quio
411 645 511 698 tantae
526 632 678 696 bonitatis
698 633 831 718 praemia
850 635 996 720 largitur.
1044 634 1141 698 Anno
1156 645 1266 698 autem
1283 629 1465 699 Dominicae

314 720 543 785 incarnationis
559 719 728 785 millesimo
743 721 920 786 centesimo
931 721 1130 806 octogesimo
1145 732 1272 807 quarto,
1288 720 1308 784 a
1322 719 1465 787 Domino

315 808 437 872 facturn
453 822 502 872 est
518 807 614 884 istud,
632 820 666 872 ct
689 819 738 872 est
762 809 908 874 mirabile
927 809 959 872 in
975 808 1075 872 oculis
1090 808 1227 884 nostris;
1251 807 1383 894 quiade
1400 821 1464 872 tam

310 894 418 960 subita
434 909 466 959 et
481 894 578 959 celeri
594 894 847 961 sanitatemirari
862 919 1051 981 possumus;
1067 896 1124 960 sed
1139 895 1187 960 rei
1201 908 1303 980 gestae
1318 908 1464 961 naturam

310 983 494 1046 atmodum
518 981 711 1066 investigare
726 1005 790 1046 non
806 985 960 1062 valemus,
978 1005 1052 1049 cum
1075 982 1195 1046 nonsit
1211 994 1356 1048 nostrum
1370 1005 1463 1048 nosse

312 1081 459 1154 tempora
474 1069 526 1134 vel
541 1084 705 1134 momenta
720 1093 793 1157 quae
811 1072 910 1136 Pater
924 1070 1033 1156 posuit
1049 1071 1080 1134 iu
1094 1071 1153 1134 sud
1166 1083 1338 1155 potestate.

353 1334 456 1399 CAP.
465 1333 554 1398 XLI
557 1335 666 1398 .-De
677 1337 766 1398 cacis
776 1355 846 1416 quoe
859 1337 898 1400 de
909 1335 1017 1399 Sancti
1026 1334 1280 1415 decimissraudc
1294 1334 1418 1397 sudatas

694 1423 1076 1486 comcdcrcncnvulebant.

356 1593 456 1659 Aliud
480 1617 611 1682 quoque
635 1593 823 1659 miraculum
842 1594 1025 1680 accepimus
1039 1593 1156 1658 nostris
1167 1591 1370 1677 ¹temporibus
1387 1615 1462 1658 con-

309 1679 431 1766 tigisse,
449 1682 537 1768 quod
552 1694 586 1746 et
598 1681 701 1746 relatu
712 1682 891 1766 jocundum
903 1697 962 1759 est,
976 1695 1010 1746 et
1022 1681 1175 1745 memorii
1186 1681 1330 1765 dignum.
1370 1680 1461 1745 Deus

310 1769 398 1833 enim
417 1769 493 1833 licet
509 1771 551 1833 sit
570 1791 703 1853 magnus
719 1769 750 1831 in
768 1771 900 1854 magnis,
918 1769 1075 1834 mirabilia
1089 1781 1197 1832 tamen
1209 1768 1368 1856 gloriosus
1385 1791 1462 1854 ope-

309 1869 400 1921 ratur
422 1856 454 1919 in
478 1855 624 1933 minimis,
642 1870 677 1920 ut
693 1856 828 1921 sciamus
844 1857 932 1944 quod
947 1878 1046 1941 parva
1060 1877 1125 1919 non
1139 1855 1270 1932 deserit,
1287 1855 1342 1942 qui
1358 1878 1400 1920 ex
1417 1855 1462 1919 ni-

310 1943 396 2006 chilo
408 1957 524 2008 cuncta
536 1943 667 2007 creavit.
701 1943 780 2008 Erat
792 1945 824 2008 iu
838 1945 995 2010 Chirtuna
1007 1944 1054 2006 vir
1066 1942 1196 2029 quidam
1208 1942 1324 2007 timens
1339 1942 1458 2020 Deum,

307 2042 344 2094 et
367 2030 506 2094 decimas
530 2031 617 2094 recte
640 2030 775 2096 offerens
790 2035 932 2096 omnium
948 2054 1021 2118 quae
1037 2030 1221 2115 possidebat
1235 2054 1244 2106 3
1263 2048 1400 2116 eratque
1416 2030 1460 2094 illi

310 2139 395 2182 uxor
409 2119 478 2203 ejus
494 2116 654 2182 contraria
665 2119 818 2196 moribus,
836 2119 913 2206 quia
924 2119 1034 2184 Deum
1049 2140 1113 2182 non
1126 2117 1269 2196 timebat,
1285 2139 1343 2183 nec
1356 2117 1460 2181 homi·

307 2227 382 2270 nem
408 2207 586 2271 verebatur.
636 2205 700 2270 Hic
723 2221 830 2271 autern
857 2209 904 2270 vir
927 2220 1072 2291 tempore
1095 2205 1269 2282 messionis,
1301 2227 1375 2268 cum
1402 2227 1461 2291 per

308 2305 410 2357 metas
433 2293 586 2371 modicas,
611 2305 648 2357 ut
666 2294 763 2357 aroris
779 2307 829 2358 est
844 2293 1049 2370 metentibus,
1066 2293 1174 2376 fruges
1190 2315 1262 2356 suas
1277 2292 1460 2376 collegisset

305 2379 339 2444 in
352 2402 442 2464 agro,
455 2380 612 2444 decimam
624 2394 743 2444 metam
760 2383 878 2446 Sancto
892 2381 1022 2445 Oswino
1034 2379 1234 2463 consignavit
1243 2381 1275 2443 in
1287 2379 1458 2458 decimam,

308 2468 458 2566 eoquod
482 2468 705 2532 terrasuaad
732 2470 842 2532 Sancti
861 2467 1036 2532 dominium
1058 2467 1255 2552 pertineret;
1279 2485 1313 2530 et
1330 2481 1459 2553 partem
1538 2537 1539 2544 ,

306 2554 395 2618 blad1
417 2553 572 2640 reliquam
596 2577 669 2640 quae
692 2577 765 2618 eum
791 2555 1011 2640 contingebat,
1032 2555 1163 2618 domum
1187 2576 1261 2618 cum
1283 2577 1376 2618 carro
1392 2569 1458 2619 stu-

306 2641 416 2705 diosus
439 2641 580 2726 agricola
601 2642 793 2707 deducebat.
843 2643 939 2708 Uxor
955 2665 1032 2706 vero
1053 2642 1121 2726 ejus
1137 2664 1232 2706 aucas
1248 2641 1369 2706 habens
1382 2643 1458 2726 plu-

305 2728 412 2808 rimas,
430 2730 482 2794 die
498 2729 636 2815 quddam
659 2753 713 2794 eas
736 2743 811 2794 ante
834 2753 869 2794 se
890 2730 999 2814 coegit
1014 2730 1046 2793 in
1059 2751 1186 2814 agrum,
1204 2741 1241 2794 ut
1253 2728 1363 2814 spicis,
1381 2753 1457 2816 quaa

304 2816 496 2881 metentium
519 2839 631 2881 manus
646 2817 807 2902 fugerant,
824 2836 1053 2903 pascerentur3
1069 2831 1103 2881 et
1119 2817 1192 2881 tulit
1207 2817 1341 2900 garbam
1358 2839 1457 2882 unam

304 2904 347 2968 de
368 2904 476 2968 Sancti
492 2905 633 2982 decimis,
651 2920 683 2968 et
699 2927 806 2969 coram
822 2908 909 2969 aucis
925 2905 994 2969 viro
1009 2904 1173 2969 nesciente
1189 2903 1336 2989 projecit.
1386 2905 1457 2969 lllte
1537 2951 1538 2969 .

305 3003 427 3070 autem,
449 3005 603 3078 tanquam
622 2992 744 3057 facinus
762 2993 970 3057 attendentes
990 3004 1024 3057 et
1042 2992 1263 3069 abhorrentes,
1280 2991 1436 3074 fugerunt
1446 3017 1455 3068 ς

303 3091 339 3143 et
361 3101 421 3142 nec
442 3081 576 3163 garbam
597 3078 769 3162 respicere,
787 3080 845 3144 sed
859 3102 918 3144 nec
934 3102 1004 3143 earn
1021 3079 1053 3141 in
1069 3078 1177 3165 aliquo
1193 3081 1383 3162 contingere
1400 3102 1456 3144 vo-

304 3166 445 3229 luerunt.
495 3166 588 3231 Uxor
603 3181 712 3230 autem
726 3167 893 3255 indignata
907 3189 1003 3252 super
1017 3166 1077 3244 hia,
1094 3181 1128 3229 et
1166 3167 1231 3230 uod
1247 3166 1277 3229 in
1294 3166 1456 3231 decimam

304 3266 396 3316 tanta
417 3253 505 3317 bladi
527 3253 575 3316 sui
597 3255 704 3338 portio
726 3254 933 3339 pervenisset,
951 3254 1024 3318 felle
1047 3267 1136 3317 mota
1144 3189 1301 3330 lemineo,
1318 3255 1455 3337 garbam
1536 3297 1537 3317 i

300 3340 438 3405 decimae
459 3340 546 3405 tulit.
593 3342 647 3406 Ab
669 3363 747 3426 agro
770 3365 864 3406 aucas
887 3343 1007 3426 abegit,
1029 3342 1226 3428 domumque
1242 3342 1453 3426 properavit3

297 3440 335 3492 et
350 3428 419 3492 illas
433 3429 466 3492 ia
482 3429 616 3514 parvulo
630 3429 745 3494 locello
760 3430 902 3508 reclusit,
916 3429 1122 3515 projectaque
1134 3430 1246 3493 eadem
1258 3429 1358 3513 garba
1369 3428 1456 3494 inter

299 3515 381 3595 illas,
399 3516 548 3580 ostiolum
571 3517 752 3595 offirmavit,
770 3531 803 3581 ct
819 3517 975 3582 discessit.
1029 3515 1198 3602 Dixitque,
1217 3526 1240 3556 “
1251 3519 1319 3580 Aut
1335 3517 1453 3595 edetis,

302 3615 360 3667 aut
384 3604 595 3668 moriemini.’'
642 3605 685 3669 Et
705 3604 752 3668 his
768 3604 871 3681 dictis,
888 3604 1012 3669 caeteris
1029 3627 1063 3667 se
1079 3605 1142 3666 suis
1158 3603 1294 3688 negotiis
1310 3603 1454 3688 implica·
1535 3659 1536 3667 ,

302 3691 371 3754 bat.
411 3692 494 3755 Cum
510 3695 661 3778 verojam
675 3716 710 3755 se
722 3693 789 3756 dies
801 3691 980 3769 inclinaret,
994 3690 1089 3754 rediit
1098 3691 1232 3766 mulier;
1248 3690 1328 3753 scire
1342 3691 1452 3755 voleus

301 3790 409 3842 utrum
425 3779 482 3841 irae
497 3779 595 3843 animi
610 3779 815 3844 satisfecisset
831 3779 922 3842 famis
937 3777 1062 3862 injuria,
1076 3789 1110 3841 et
1125 3778 1270 3863 aperiens
1286 3778 1450 3858 ostiolum,

299 3883 334 3932 et
343 3866 463 3931 volenti
480 3866 622 3943 introire,
639 3889 729 3930 aucae
745 3878 981 3950 perstrepentes
997 3878 1214 3943 occurrerunt,
1228 3865 1317 3952 quasi
1328 3866 1450 3946 cibum,
1534 3885 1535 3890 ’

299 3955 472 4019 adomina
497 3977 586 4019 more
612 3953 708 4016 solito
734 3953 962 4017 mendicantes.
1011 3953 1095 4026 Quae
1121 3952 1237 4018 mirata
1260 3953 1448 4037 plurimum,

301 4043 433 4128 garbam
457 4042 641 4125 diligentius
664 4039 802 4117 intusne,
827 4063 898 4104 eam
920 4063 984 4103 non
1003 4040 1106 4104 solum
1122 4040 1276 4110 intactam
1292 4043 1448 4126 repperit,

297 4132 358 4196 sed
379 4152 439 4194 nec
462 4130 559 4193 etiam
583 4128 615 4190 iu
638 4127 731 4191 unius
754 4129 850 4213 spicae
874 4127 1009 4212 vestigio
1024 4125 1144 4214 aliquid
1159 4127 1296 4192 laesionis
1312 4127 1449 4192 invenit.

303 4216 432 4301 Quippe
456 4238 545 4281 aucae
567 4215 697 4279 inclusae
716 4216 822 4302 capita
841 4217 1034 4281 claudebant
1049 4215 1082 4278 in
1098 4215 1165 4293 alis,
1182 4229 1215 4279 et
1232 4229 1384 4301 tanquam
1401 4216 1450 4278 ni-
1533 4261 1534 4268 κ

301 4304 365 4370 chil
389 4303 452 4367 cibi
476 4303 518 4365 eis
543 4316 626 4367 esset
650 4305 841 4389 appositum,
870 4304 990 4367 victum
1013 4302 1143 4366 solitum
1166 4315 1389 4389 expectantes,
1415 4303 1450 4366 in

298 4415 378 4478 pace
400 4391 623 4456 consederunt.
671 4392 791 4456 Mulier
813 4404 921 4457 autem
947 4392 979 4453 in
995 4414 1029 4454 se
1045 4389 1182 4467 rediere,
1199 4392 1332 4475 garbam
1355 4390 1448 4465 tulit3

292 4493 331 4544 et
347 4480 479 4544 alteram
496 4480 537 4544 de
549 4479 697 4562 dominio
712 4503 770 4544 suo
786 4479 952 4545 interillos
968 4477 1113 4564 projecit,
1125 4483 1198 4565 qnae
1210 4477 1308 4543 etiam
1319 4490 1448 4544 astante
1532 4527 1533 4530 η
