3132 5286
649 499 840 554 LIBELLUS
867 500 918 552 DE
945 499 1048 552 ORTU

735 963 853 1045 [aaa.
881 915 955 1038 Vr]
1058 1016 1062 1026 .

319 1212 442 1292 Puella,
482 1213 589 1299 igitur,
620 1213 866 1365 impregnatam
897 1237 930 1276 se
968 1212 1118 1290 sentienS,
1154 1209 1297 1298 querulis
1328 1212 1428 1294 eoepit

275 1304 406 1368 vocibus
422 1301 617 1388 conqueri,e
620 1300 863 1386 tcorrupcionis
879 1301 1091 1386 obprobrium
1108 1300 1223 1386 saepius
1240 1299 1429 1364 contristata

273 1390 496 1458 collacrimari
546 1389 648 1473 Cujus
675 1390 858 1454 lacrimosas
878 1388 951 1454 Rex
974 1388 1119 1491 querelas
1135 1387 1255 1451 diutius
1272 1387 1428 1452 sustinere

273 1503 341 1543 ιιοιι
356 1479 475 1564 potuit,
500 1477 576 1564 quia
602 1476 671 1561 ipsa
694 1479 766 1562 jam
793 1490 916 1542 naturae
948 1478 1126 1563 compassio
1152 1476 1267 1541 erroris
1296 1475 1428 1540 delicias

275 1565 524 1652 complangendi
547 1577 662 1652 angust
664 1564 709 1628 ias
725 1565 930 1650 permutvait.
909 1566 1044 1630 tRex
1059 1587 1135 1630 vero
1151 1563 1295 1629 cominus
1313 1563 1428 1650 virgini

274 1678 308 1719 se
331 1653 507 1742 conjungit,
532 1669 565 1718 et
581 1652 686 1718 verbis
703 1653 826 1718 dulcius
850 1654 1034 1738 temperatis
1063 1676 1135 1719 eam
1161 1651 1340 1736 mitigando
1356 1673 1430 1736 per-

275 1743 376 1828 ungit.
426 1752 447 1783 “
464 1742 606 1820 Absit,'
597 1763 728 1827 mquam
763 1743 922 1828 [tanqua]
957 1741 1033 1843 filia,
1059 1754 1095 1804 ut
1118 1739 1342 1806 tantidecoris
1358 1739 1430 1824 pul·

274 1831 358 1895 chrit
359 1831 488 1894 udinem
504 1829 704 1917 negligencia
720 1852 792 1892 mea
808 1830 935 1894 devolvi
946 1832 1055 1929 paciar·
1070 1852 1128 1914 per
1144 1827 1328 1914 ignominiae
1339 1840 1430 1912 tepo-

274 1940 354 1982 rem.
402 1917 479 1981 Tibi
479 1940 579 2016 ergo
595 1939 655 1980 uec
671 1940 730 2002 pro
754 1918 816 1981 hoc
839 1917 1007 1981 commisso
1031 1917 1198 1982 insultabit
1220 1916 1358 1980 famulus
1375 1927 1431 1978 aut

275 2006 410 2081 ancilla3
434 2004 508 2091 quia
531 2005 578 2068 tui
595 2004 757 2091 presentia
773 2029 792 2070 a
807 2005 968 2068 communi
986 2005 1029 2069 ita
1044 2005 1260 2070 semovebitur
1275 2003 1431 2068 clientum

274 2093 424 2159 absencia
438 2094 526 2180 quod
549 2116 655 2180 neque
671 2115 786 2158 vocum
813 2093 947 2158 audies
939 2093 1133 2178 rmproperia
1148 2094 1199 2158 vel
1211 2093 1431 2156 clrachirrnan-

276 2197 345 2246 tum
362 2181 496 2246 stridula
511 2181 730 2249 deliramenta.
778 2182 878 2246 Alvus
895 2181 1003 2259 tibi,
980 2205 1006 2244 sr
1022 2181 1238 2268 quaudoque
1229 2184 1429 2257 rutumuerit,

275 2269 479 2370 insultaciqni
495 2283 528 2334 et
553 2270 728 2370 obprobrio
751 2292 903 2334 essenon
925 2270 1056 2354 poterit,
1074 2292 1114 2334 eo
1142 2270 1231 2369 quod
1255 2269 1338 2353 regis
1363 2269 1431 2332 filia

276 2357 581 2440 unicauniusregis
605 2359 699 2421 unica
729 2357 860 2422 facta
837 2381 877 2420 srs
901 2357 1025 2421 ancilla.
1083 2358 1125 2421 Et
1157 2382 1183 2420 sr
1205 2381 1300 2421 sexus
1334 2356 1430 2419 virilis

275 2459 387 2532 partus
404 2446 451 2508 tui
466 2444 623 2508 levamina
636 2445 858 2530 subsequatur,
872 2443 989 2508 divinae
1005 2446 1148 2508 fuisse
1120 2459 1203 2510 vrrtu
1182 2445 1245 2509 utis
1257 2444 1431 2528 disposicio

277 2533 470 2596 dinoscetur.
497 2531 662 2618 Siquidem
679 2555 752 2595 cum
768 2555 882 2596 sexum
909 2531 1031 2596 virilem
1047 2533 1202 2598 hactenus
1219 2533 1347 2597 aliunde
1363 2556 1432 2596 non

276 2618 464 2695 lrabuer0,
457 2642 490 2682 ιιι
505 2620 568 2684 hoc
583 2620 719 2705 puerulo
732 2621 786 2683 diu
799 2620 887 2685 dilat
866 2632 890 2683 tr
905 2619 982 2683 mihi
998 2620 1135 2684 haeredis
1151 2623 1261 2685 votiva
1272 2620 1432 2684 desideria

278 2708 507 2793 compensabo,
558 2707 628 2771 Erit
616 2721 692 2795 tque
708 2709 822 2773 merito
836 2709 999 2795 utriusque
1023 2709 1210 2774 hereditatis
1225 2722 1345 2773 nostrae
1361 2732 1431 2772 suc-

278 2819 386 2862 cessor
401 2795 564 2897 naturalis,
593 2820 632 2860 eo
659 2797 746 2896 quod
772 2797 920 2884 utrinque
936 2798 976 2860 de
1004 2797 1126 2861 semine
1149 2797 1234 2881 regis
1262 2797 1325 2862 sint
1350 2797 1433 2860 illius

278 2884 456 2950 sementiva
470 2884 719 2969 propagationis.
767 2885 837 2949 Nec
853 2885 944 2948 alteri
961 2883 1169 2950 excellentius
1186 2887 1353 2972 utriusque
1379 2885 1434 2949 de-

277 2973 333 3038 bet
321 2986 372 3037 tur
386 2972 547 3036 hereditas
563 2996 660 3058 quam
683 2971 738 3035 illi.
786 2973 839 3036 Ex
854 2985 992 3057 paterno
1016 2973 1101 3037 eninr
1117 2996 1236 3037 semme
1253 2973 1283 3039 ei
1295 2996 1434 3057 regnum

279 3083 388 3124 meum
401 3061 473 3144 jure
486 3073 649 3160 Ncensetur,
675 3073 709 3122 et
734 3083 776 3124 ex
791 3074 937 3124 materna
961 3061 1175 3143 generationis
1190 3061 1271 3126 serie
1294 3062 1337 3125 ad
1362 3085 1434 3125 eum

279 3147 396 3212 merrto
412 3160 508 3231 parrs
526 3148 572 3209 tur
584 3159 744 3231 sceptrum
763 3163 795 3210 et
822 3148 1021 3233 imperiumt
1009 3149 1230 3216 tffransleretnr
1278 3149 1363 3213 Nam
1378 3174 1435 3236 pa·

280 3235 364 3300 terni
380 3234 451 3298 solii
481 3248 516 3298 tu
542 3235 610 3299 sola
625 3235 717 3299 heres
730 3257 798 3298 esse
815 3237 1029 3335 cognosceris.
1075 3237 1129 3301 De
1155 3259 1227 3300 meo
1254 3251 1364 3301 autem
1380 3260 1436 3322 pa-

281 3336 372 3388 terno
390 3323 439 3387 vel
455 3337 600 3387 materno
616 3322 735 3386 semine
751 3337 871 3408 praeter
893 3323 989 3387 istum
1013 3347 1079 3389 non
1104 3325 1197 3388 video
1214 3324 1291 3387 milri
1315 3326 1434 3389 debere

280 3411 500 3477 hereditario
488 3435 562 3495 Jure
578 3413 760 3488 succedere,
778 3435 818 3475 eo
835 3412 930 3499 quod
939 3436 1102 3500 nunquam
1118 3436 1170 3476 me
1186 3411 1317 3476 memini
1339 3413 1435 3476 virilis

280 3501 417 3564 formam
434 3498 628 3563 substanciae
643 3500 831 3600 generando
847 3501 1035 3586 profudisse.
1083 3501 1127 3564 Et
1142 3523 1229 3564 nunc
1239 3500 1328 3586 quod
1344 3501 1434 3565 nobis

282 3611 357 3652 casu
373 3588 516 3651 dictante
532 3588 691 3671 provenit,
707 3599 742 3649 ut
769 3588 945 3666 adverto,
932 3611 1002 3673 Jam
1018 3612 1057 3652 ea
1087 3587 1196 3652 divina
1221 3589 1435 3672 disposicione

282 3674 443 3740 successit.
488 3675 561 3738 Janr
577 3697 655 3762 ergo
671 3675 712 3738 ad
729 3688 864 3740 matrem
887 3699 992 3740 meam
1015 3689 1047 3739 te
1069 3676 1293 3754 transmittam,
1320 3690 1352 3740 et
1378 3677 1435 3741 tibi

281 3776 380 3850 atque
396 3778 564 3846 conceptae
585 3761 667 3846 proli
692 3786 819 3829 omnem
844 3763 1076 3828 solicitudinem
1102 3764 1321 3829 devocionis
1312 3787 1435 3867 rmpen-

281 3852 368 3918 dam.
370 3851 388 3879 ’'
437 3849 536 3913 Ascit
515 3864 553 3913 trs
569 3849 579 3912 i
582 3864 676 3937 taque
700 3852 762 3916 suis
784 3853 964 3940 quibusque
980 3851 1238 3916 familiarioribus
1254 3864 1288 3916 et
1313 3856 1434 3930 amicis,

281 3953 319 4005 ιιι
335 3961 407 4004 eam
422 3937 516 4002 matri
531 3961 598 4003 suae
613 3939 702 4004 filiali
728 3943 798 4005 vice
821 3939 985 4027 quondam
1010 3939 1130 4026 reginae
1161 3940 1311 4005 devocius
1335 3941 1437 4024 porri·
1464 3935 1467 3940 ’

282 4042 372 4112 gant,
390 4040 423 4092 et
436 4026 627 4110 benignius
619 4041 713 4092 rstam
727 4029 830 4094 foveri
842 4038 940 4113 atque
956 4027 1321 4114 consolaripraecipiant.
1372 4029 1436 4102 Qui

283 4131 462 4201 susceptam
477 4116 618 4200 puellam
642 4138 707 4203 quo
732 4116 776 4178 eis
801 4118 925 4201 J'ussum
949 4115 1053 4180 fuerat
1071 4115 1259 4203 diligentius
1275 4117 1437 4201 perduxe-

283 4217 370 4268 runt.
420 4202 526 4276 Quam
535 4206 647 4289 regina
656 4225 717 4288 pro
727 4201 787 4264 filii
798 4203 988 4286 postulantis
1000 4226 1110 4268 amore
1120 4204 1271 4268 obnixius
1285 4205 1435 4304 suscepit,

283 4306 318 4356 et
333 4291 394 4356 sibi
405 4315 475 4357 eam
490 4294 523 4356 in
538 4293 640 4356 filiam
656 4289 828 4375 adoptavit.
873 4291 1081 4390 Aliquamdiu
1097 4314 1176 4376 ergo
1192 4292 1278 4357 circa
1291 4291 1438 4376 reginam

283 4379 391 4465 puella
406 4393 596 4445 conversata
618 4389 806 4443 cunctorum
831 4378 1102 4444 commanentium
1128 4379 1360 4445 benivolentias
1376 4403 1437 4466 pro

283 4491 351 4533 suae
364 4465 564 4534 liberalitatis
579 4467 685 4554 gratia
698 4466 758 4532 sub
772 4466 938 4534 brevitatis
954 4479 1098 4553 tempore
1113 4479 1163 4534 est
1177 4465 1302 4534 sortita.
1348 4468 1435 4546 Rex,

283 4550 425 4637 interim,
442 4551 518 4644 quia
542 4551 683 4642 puellam
712 4566 924 4646 pregnantem
954 4553 1123 4638 didicerat,
1149 4553 1332 4628 delitiosius
1363 4577 1436 4624 earn
