3132 5286
508 481 647 535 sanctu
673 480 910 555 curuantur.
1015 563 1020 569 ι
1235 459 1286 550 67

136 644 278 711 libidinis
309 648 429 732 [tibiatis
456 645 488 708 in
516 645 611 730 MS.]
640 645 802 711 incentiva
825 647 991 730 pervertit.
1047 647 1174 733 sicque,
1207 649 1286 713 dum

139 757 228 800 caeco
250 736 369 799 amoris
385 734 479 799 oculo
497 733 531 798 in
553 733 639 798 illius
656 733 851 800 desiderium
866 735 1002 821 amplius
1019 735 1186 813 animatur,
1204 736 1287 798 mul-

140 823 274 924 tocienS,
302 823 392 909 quod
414 822 473 885 sub
496 834 619 886 secreto
641 835 773 907 pectore
797 823 994 887 occultatum
1017 823 1132 902 tenuit,
1156 824 1285 889 alterius

139 911 235 996 signis
259 922 291 976 et
314 911 446 974 nutibus
461 910 653 995 publicatur.
700 909 841 974 Nutibus
859 933 934 976 vero
949 923 983 976 et
998 911 1139 977 motibus
1151 911 1286 990 lascivis,

140 1010 296 1101 quantum
312 999 439 1063 occulte
455 998 571 1082 potuit,
589 1019 655 1062 suae
671 1011 759 1065 estus
774 998 932 1084 cupidinis
948 999 1022 1063 satis
1038 1000 1155 1082 puellae
1170 1000 1288 1100 saepius

140 1087 307 1155 intimavit.
365 1087 409 1150 Et
437 1084 656 1188 postmodum,
685 1086 762 1149 dum
788 1097 915 1172 tempus
941 1087 1114 1187 aliquando
1144 1087 1290 1173 optinere

141 1175 258 1262 potuit,
283 1174 371 1260 quod
397 1173 485 1259 prius
509 1175 604 1274 signis
621 1173 862 1258 praedicaverat,
878 1175 1041 1260 promissis
1057 1177 1241 1239 muneribus
1259 1188 1291 1239 et

142 1263 263 1330 ornatis
287 1262 489 1326 sermonibus
511 1264 627 1346 saepius
651 1261 855 1346 explanabat
902 1263 964 1327 Illa
986 1285 1062 1326 vero
1077 1261 1201 1327 levius
1193 1275 1290 1326 mter-

142 1353 196 1418 fici
227 1351 335 1437 potuit
365 1373 461 1436 quam
485 1351 527 1414 ad
551 1349 689 1414 libidinis
714 1349 886 1414 molliciem
912 1351 1109 1436 aliquatenus
1134 1349 1290 1418 inclinari.

144 1441 254 1540 Unde,
271 1451 427 1526 quantum
440 1437 555 1523 potuit,
573 1439 624 1502 vel
640 1461 670 1501 er
660 1437 786 1540 licuit,
804 1439 888 1502 ab
861 1461 928 1522 eJus
945 1462 978 1502 se
995 1439 1171 1524 praesencia
1186 1461 1293 1524 segre-

143 1528 250 1614 gavit3
274 1550 312 1591 ac
335 1549 461 1611 semper
483 1551 503 1590 a
525 1525 663 1612 suspecti
681 1528 766 1614 regis
781 1526 849 1630 viis,
867 1527 1025 1611 gressibus
1041 1541 1098 1591 aut
1114 1527 1243 1606 semitis,
1261 1551 1295 1592 se

145 1615 364 1682 subtrahendo
381 1615 556 1700 suspendit.
593 1617 677 1680 Cum
693 1638 772 1699 ergo
788 1617 901 1703 virago
916 1629 1026 1681 tenera
1041 1616 1141 1700 magis
1157 1629 1296 1680 mortem

145 1705 290 1792 eligeret,
307 1726 404 1792 quam
415 1718 482 1768 tam
499 1704 579 1767 dirae
593 1703 672 1767 sorti
688 1703 801 1788 subjici
817 1705 1022 1783 decrevisset,
999 1714 1122 1767 tmors
1137 1727 1202 1768 non
1214 1727 1296 1806 prae·

145 1793 295 1858 ordinata
330 1815 395 1855 uon
420 1791 547 1870 accidit,
574 1791 629 1855 sed
651 1816 719 1858 sors
742 1792 975 1878 antedisposita
1003 1815 1070 1858 suae
1086 1790 1297 1858 institucionis

145 1883 298 1948 terminos
314 1879 515 1947 conficiendo
531 1879 666 1967 peregit.

626 2195 743 2275 [CAP.
769 2195 823 2278 V.]

195 2422 299 2507 Igitur
328 2421 415 2521 apud
445 2421 680 2507 Hybernenses
712 2432 790 2484 tunc
819 2421 874 2486 lex
905 2421 1147 2486 consuetudinis
1178 2421 1297 2502 extitit,

149 2512 250 2598 quod,
268 2509 362 2574 certis
378 2509 495 2575 aestivis
519 2511 730 2610 temporibus,
755 2532 837 2594 grex
859 2510 1037 2595 puellarum
1053 2510 1193 2575 serviens
1210 2510 1302 2576 silva'·

149 2623 227 2665 rum
240 2600 339 2664 saltus
355 2599 443 2663 adire
458 2612 572 2687 gregat
573 2598 617 2661 im
633 2598 765 2662 debuit·
757 2598 890 2685 ‚ibique
906 2599 1069 2664 frondium
1084 2601 1177 2662 flores
1190 2624 1301 2666 excer-

148 2700 242 2774 peret
278 2698 311 2752 et
341 2688 598 2772 competentibus
628 2700 760 2752 onerata
727 2686 954 2752 tasarcinulis
988 2689 1123 2788 Reginae
1155 2689 1301 2754 thalamis

149 2776 342 2841 coronandis
368 2776 521 2839 inferret:
546 2798 689 2860 opusque
714 2775 778 2838 tale
806 2775 967 2839 servitutis
999 2776 1099 2839 omnis
1122 2776 1301 2858 puellarum

149 2864 272 2929 familia
301 2864 438 2950 Reginae
454 2862 637 2962 persolvere
665 2861 788 2930 debuit.
847 2864 904 2926 Sin
930 2876 985 2926 aut
987 2886 1039 2926 em
1066 2864 1183 2926 florum
1204 2867 1302 2966 copia

151 2953 285 3038 reperiri
309 2966 385 3015 tunc
409 2950 563 3047 temporis
584 2974 650 3014 non
667 2950 829 3050 quivisset,
847 2949 962 3016 debilis
978 2950 1120 3016 familia
1094 2954 1213 3054 ..Juncti
1229 2953 1303 3018 viri-

152 3041 271 3119 dantis,
296 3040 347 3104 vel
381 3039 491 3103 herbae
516 3039 658 3118 virentis,
687 3063 740 3103 seu
767 3061 868 3102 eciam
894 3040 1019 3103 flosculi
1052 3039 1191 3140 cujusvis
1218 3042 1301 3106 bene

152 3130 281 3207 olentis,
299 3151 400 3192 onera
414 3129 467 3192 vel
481 3127 648 3192 fasciculos
665 3141 886 3213 congregaret.
925 3129 1046 3206 Cum,
1038 3128 1147 3230 igitur,
1161 3132 1302 3216 quodam

152 3233 311 3304 tempora,
336 3230 488 3281 consueta
509 3217 651 3317 Reginae
656 3217 771 3281 festiva
787 3216 1008 3317 sollempnitas
1024 3217 1202 3295 accidisset,
1220 3220 1302 3283 hanc

153 3329 229 3372 cum
244 3304 408 3370 sodalibus
424 3305 466 3369 ad
477 3305 654 3390 praescripti
669 3304 773 3390 operis
789 3305 907 3368 exercit
910 3305 940 3368 ia
895 3305 1082 3369 tdirexit
1125 3306 1218 3383 Quae,
1236 3307 1305 3371 aliis

152 3393 356 3460 festinantius
381 3416 454 3458 cum
481 3393 644 3458 sarcinulis
670 3392 938 3476 regredientibus
963 3393 1032 3456 sola
1051 3392 1304 3479 derelinquitur3

154 3508 196 3549 eo
224 3482 311 3570 quod
338 3503 468 3546 manum
495 3481 528 3544 in
555 3480 671 3545 falcem
694 3482 822 3545 mittere
850 3482 954 3543 minus
981 3481 1078 3545 docta
1045 3482 1304 3567 t.probaretur

157 3572 256 3651 Quae,
282 3583 400 3648 tamen,
426 3594 468 3635 ex
489 3569 651 3633 laborioso
666 3593 726 3634 usu
743 3569 981 3633 consuetudinis
996 3592 1061 3633 non
1079 3569 1201 3647 didicit,
1218 3593 1305 3634 com-

155 3657 296 3746 positam
308 3659 516 3760 ..quandoque
543 3658 682 3722 humeris
707 3657 897 3722 sarcinulam
925 3659 1083 3743 exposuit,
1112 3660 1220 3746 sicque
1248 3680 1306 3744 per

156 3748 283 3813 viarum
306 3746 392 3810 invia
403 3746 520 3811 comite
537 3746 616 3812 dest
609 3759 691 3810 rtuta
706 3746 879 3815 oberravit
928 3747 1074 3831 Contigit
1076 3770 1147 3834 que,
1165 3762 1200 3811 ut
1211 3751 1309 3836 juxta

157 3836 245 3921 ripas
260 3835 329 3900 sola
344 3835 403 3898 soli
421 3835 505 3919 Regi
521 3851 717 3914 occurreret,
735 3858 808 3900 cunr
824 3859 898 3900 aves
914 3836 1071 3923 aquatiles
1095 3836 1201 3900 avium
1218 3852 1309 3902 natu-

158 3925 220 3989 rali
241 3924 394 3988 violentia
416 3923 579 4011 sagacium
602 3935 739 3989 arceret.
715 3923 852 3989 tSed
875 3924 1038 3989 humiliter
1060 3924 1233 3989 allocutam
1248 3946 1309 3989 nec

159 4012 324 4078 blanditiis
347 4013 479 4076 flectere
502 4034 564 4076 nec
586 4035 754 4076 munerum
769 4012 1032 4113 promissionibus
1048 4011 1152 4096 potuit
1167 4025 1309 4076 mentem

160 4102 334 4186 captivare.
386 4101 483 4166 Unde
505 4101 653 4165 consulta
675 4101 806 4166 tandem
822 4100 1018 4165 conscientia
1033 4098 1160 4162 forciori
1176 4100 1311 4166 dextera

160 4191 309 4290 corrupit
321 4193 390 4275 [qu.
407 4187 621 4289 corripuit]
592 4189 759 4277 ruginem,
774 4208 805 4255 et
818 4187 1044 4253 secrecioribus
1054 4187 1139 4251 silvis
1150 4189 1310 4268 eductam,

163 4277 336 4342 viribust
298 4289 336 4342 ut
337 4301 401 4356 ena,
419 4276 587 4364 oppressit.
617 4277 688 4342 Ista
702 4301 777 4342 sane
794 4276 958 4364 oppressio
974 4276 1191 4361 conceptionis
1210 4277 1313 4343 Cuth-

162 4364 251 4432 berti
273 4366 451 4431 celebracio
473 4367 598 4442 fuerat3
622 4388 716 4454 quem
732 4367 908 4452 gloriosum
931 4365 1134 4431 audientibus
1149 4366 1279 4434 fama
1250 4390 1314 4432 vrr-

163 4468 273 4523 tutum
288 4454 447 4520 celebrior
462 4414 676 4522 commeirdat.
