3132 5286
538 501 774 554 summram.
1156 490 1228 567 109

214 664 319 730 Cures
336 663 480 748 deponis,
497 676 532 730 et
546 677 646 732 temet
659 665 694 730 in
709 680 801 732 antra
814 667 954 752 reponis.

211 752 316 818 Farne
332 753 462 841 quidem
477 753 605 839 repetis,
622 753 731 818 sedem
756 777 795 818 ue
809 753 982 842 locumque
997 754 1124 842 quietis,

213 839 371 906 Omnibus
387 845 514 919 exutus,
533 854 568 906 ut
582 839 687 906 adires
702 854 745 905 aet
768 863 823 906 era
838 852 937 906 tutus.

212 926 363 1002 Quadam
378 928 461 993 sorte
476 927 555 1006 vice,
573 940 648 1014 post
659 929 759 993 verba
773 927 884 993 salutis
899 930 1022 1007 amicae,

210 1013 265 1079 Ad
280 1016 416 1080 fratrum
431 1027 532 1080 coetus
547 1015 622 1080 faris
637 1015 780 1081 ludendo
795 1014 927 1095 facetus,

212 1110 235 1142 “
254 1101 322 1166 ista
337 1115 494 1190 coquatur
508 1126 602 1191 aqua,
619 1125 692 1191 quae
709 1103 853 1186 pendens
869 1102 1010 1168 cernitur
1025 1125 1127 1182 auca3

174 1193 182 1204 '
211 1197 233 1229 “
250 1189 387 1254 coctam
403 1213 459 1255 vos
474 1190 572 1271 edite,
589 1203 662 1277 post
678 1213 769 1254 esum
785 1212 867 1256 nave
883 1189 1018 1256 redite.'’

211 1277 275 1341 Sed
287 1289 517 1362 postponentes
533 1300 646 1342 aucam
661 1277 809 1342 monachi
825 1279 1042 1356 comedentes,

211 1363 397 1429 Percellunt
413 1367 469 1430 irae
483 1366 577 1430 maris
594 1365 805 1452 impedientes
820 1365 918 1434 abire.

212 1451 312 1517 Saevit
326 1451 445 1540 ubique
460 1475 559 1532 mare,
576 1475 643 1517 non
658 1452 732 1516 sivit
747 1476 802 1516 eos
817 1474 981 1518 remeare:

209 1537 280 1602 Nec
296 1561 423 1604 causam
439 1539 566 1625 penitus
582 1552 760 1628 agnoscunt
775 1539 912 1604 criminis
927 1540 1032 1625 hujus

212 1624 260 1689 Ut
276 1639 399 1711 septem
419 1627 561 1692 Phoebus
577 1627 767 1690 lustraverat
782 1626 885 1691 aethra
899 1626 1023 1703 diebus,

210 1710 274 1790 Tu,
291 1713 362 1798 pius
378 1713 519 1790 antistes,
530 1713 659 1793 relevas
674 1712 829 1777 solamine
845 1713 972 1778 tristes:

210 1797 264 1878 Et,
283 1809 306 1841 “
317 1800 427 1886 quid,’'
443 1801 498 1877 ais,
518 1805 540 1840 ‘³
554 1801 681 1877 mirum,
697 1801 724 1862 si
740 1799 830 1864 vobis
846 1811 895 1864 est
905 1822 993 1865 mare
1008 1798 1139 1865 dirum?

210 1885 367 1950 Nostrum
378 1899 598 1972 contemptum
615 1909 701 1951 nunc
717 1887 857 1952 vindicat
871 1886 933 1951 hoc
949 1887 1162 1964 elementum3

136 2033 138 2037 ,
208 1973 267 2036 Vis
281 1973 359 2039 furit
374 1974 498 2052 infesta,
511 1974 587 2062 quia
601 1997 666 2039 non
681 1987 731 2039 est
745 1997 826 2039 auca
840 1987 1000 2040 comesta:

209 2060 363 2126 Parentes
379 2062 520 2138 tandem,
538 2063 661 2138 fratres,
677 2061 852 2125 comedatis
867 2062 1023 2137 eandem3

204 2147 254 2214 Ut
268 2148 412 2232 parendo
425 2147 523 2211 minas
539 2148 696 2233 superetis
711 2171 793 2212 nave
809 2149 979 2215 marinae.”

210 2234 275 2298 Res
290 2236 423 2300 celebris
439 2234 535 2320 digne
552 2259 625 2300 cum
635 2237 704 2320 jam
719 2236 858 2300 ferveret
872 2236 914 2299 ab
929 2237 1014 2320 igne,

208 2322 323 2387 Carnis
336 2337 468 2388 coctura
479 2322 645 2387 monachis
660 2324 701 2387 sit
715 2337 751 2387 ut
766 2345 838 2387 esca
852 2323 971 2390 futura.

207 2408 278 2474 Nec
295 2433 386 2475 mora
400 2413 539 2476 fervores
554 2433 641 2476 mare
656 2410 772 2498 linquit
788 2423 820 2474 et
835 2410 923 2483 unda
938 2421 1097 2485 tumores3

208 2496 329 2564 Nubila
343 2513 518 2575 rarescunt,
535 2499 708 2585 sedataque
723 2499 825 2562 flabra
839 2498 1021 2584 quiescunt.

210 2583 371 2673 Namque
385 2586 544 2651 mandasti
555 2588 622 2671 jam
637 2590 750 2651 fratres
765 2585 841 2650 alite
852 2586 947 2671 pasti,

210 2671 259 2737 Ut
273 2674 382 2738 videre
396 2675 514 2739 fretum
531 2674 637 2760 sopito
653 2696 815 2738 murmure
829 2672 952 2752 laetum,

211 2760 377 2826 Scandunt
394 2761 581 2838 naucellam,
598 2774 812 2846 repetuntque
827 2782 887 2844 per
901 2782 1024 2846 aquora
1038 2758 1163 2824 celiam.

208 2846 345 2912 Factum
359 2848 522 2924 mirantes,
538 2860 570 2911 et
585 2847 687 2910 inille
702 2861 734 2911 te
749 2859 947 2924 venerantes,

208 2934 350 2999 Consors
365 2950 558 3013 sanctorum,
582 2932 633 2998 fac
649 2947 684 2999 ut
698 2945 852 3019 precepta
867 2956 1029 3000 sacrorum

208 3019 287 3087 Non
302 3020 481 3101 obliviscar,
497 3044 556 3108 per
571 3045 645 3109 quae
660 3022 758 3088 coeios
769 3021 934 3108 adipiscar.

159 3320 277 3402 [CAP.
294 3323 401 3388 XXX
403 3324 653 3404 VI.]—Quanta
671 3333 792 3405 cyrotus
804 3331 1017 3406 temptamenta
1027 3333 1134 3405 pertu-

286 3413 367 3488 lerit,
384 3413 495 3493 quidve
509 3413 547 3474 de
561 3431 620 3474 sua
634 3413 790 3492 sepultura
804 3413 1007 3477 mandauerit.

208 3655 287 3721 Post
297 3659 442 3745 geminos
459 3680 585 3724 menses
601 3657 634 3722 in
651 3657 755 3723 morbi
771 3657 891 3723 decidis
906 3680 1019 3735 enses3

207 3743 313 3809 Carne
327 3746 480 3834 fatigaris,
504 3747 650 3833 coeloque
665 3746 777 3811 dolore
792 3745 934 3832 pararis:

211 3831 274 3895 Per
290 3845 354 3897 tres
371 3834 568 3899 ebdomadas
583 3835 683 3899 fessus
695 3834 849 3919 languore
865 3836 1015 3914 cubabas,

210 3916 281 3983 Nec
297 3933 406 3985 tamen
421 3922 566 3985 oblatum
583 3923 641 3986 tibi
656 3922 702 3986 vis
718 3945 806 4010 oeger
818 3923 1017 3987 famulatum.

207 4005 377 4072 Circumiit
396 4008 537 4073 Phoebus
548 4011 616 4093 jam
632 4010 750 4074 coelum
766 4009 905 4097 quinque
921 4011 1045 4088 diebus,

211 4092 282 4158 Nec
293 4095 391 4160 homo
407 4109 439 4162 te
454 4094 539 4173 visit,
556 4118 655 4182 quare
669 4119 730 4162 nec
745 4120 833 4162 mare
850 4098 947 4161 visere
962 4097 1055 4161 sivit:

212 4179 320 4245 Undis
334 4183 496 4262 horrebat,
513 4183 686 4270 flabrisque
703 4183 858 4250 tumendo
873 4183 1010 4247 furebat.

209 4267 287 4333 Hac
299 4271 456 4335 certando
470 4293 571 4350 mora,
584 4275 796 4357 temptamina
809 4271 872 4335 fers
884 4269 1050 4355 graviora:

210 4355 350 4442 Serpens
365 4356 512 4445 antiquus
527 4359 627 4424 modo
641 4359 714 4444 plus
730 4359 789 4424 tibi
804 4359 891 4423 venit
902 4357 1029 4445 iniquus
1043 4377 1054 4436 ;

208 4442 276 4512 Sed
290 4443 351 4514 tibi
365 4442 480 4516 victori
493 4447 624 4518 strarant
632 4445 708 4522 ,baec
721 4444 810 4518 belle
822 4443 944 4514 decori.
