3094 5292
340 517 387 584 48
787 532 878 582 vrra
907 535 1044 584 osuuur

288 767 291 772 .
341 697 395 784 qui
406 697 475 782 jam
490 709 638 762 octavum
650 695 753 760 aetatis
766 695 955 782 impleverat
969 720 1097 777 annum,
1111 696 1154 762 ad
1169 696 1304 762 eandam
1316 697 1470 763 ecclesiam

341 785 479 862 detulit3
506 807 643 872 eumque
666 796 741 847 aute
768 784 876 848 Sancti
902 786 1104 870 sepulchrum
1130 785 1282 874 Martyris
1305 786 1468 872 deponens,

342 872 449 936 multis
467 873 643 946 astantibus
663 885 696 936 et
716 871 919 936 audientibus
934 873 999 949 ait3
1025 883 1046 915 “
1060 873 1127 938 Hic
1148 886 1197 938 est
1212 896 1301 938 meus
1315 874 1409 952 filius,
1425 875 1470 962 qui

336 961 405 1045 jam
420 961 544 1026 duobus
556 960 644 1026 annis
657 961 821 1024 transactis
833 959 916 1026 adeo
925 961 1051 1040 cecidit,
1066 975 1102 1026 ut
1117 961 1233 1026 collisis
1245 961 1386 1027 menbris
1400 985 1470 1026 nun-

341 1072 437 1136 quarn
458 1062 571 1134 postea
585 1049 635 1114 vel
659 1061 743 1112 stare
759 1048 809 1112 vel
831 1049 977 1114 incedere
1000 1062 1120 1134 posset.
1169 1050 1264 1114 Hunc
1280 1051 1376 1114 causti
1389 1073 1470 1114 recu·

340 1137 491 1222 perandae
516 1135 624 1202 salutis
648 1135 710 1200 hue
737 1135 848 1213 detuli,
874 1159 1011 1224 eumque
1040 1136 1114 1202 Deo
1138 1149 1172 1202 et
1203 1138 1321 1202 Sancto
1350 1137 1470 1204 Osuino

340 1225 559 1290 commendo.’'
608 1224 660 1288 Sic
683 1223 778 1301 fatus,
802 1223 947 1290 oratioue
969 1225 1054 1290 sactis
1082 1224 1247 1302 discessit3
1277 1225 1391 1291 relicto
1412 1225 1470 1290 filio

342 1327 418 1378 ante
433 1313 634 1398 sepulchrum
654 1310 763 1375 Sancti
781 1311 944 1397 Martyris.
993 1313 1036 1376 Et
1050 1313 1120 1397 jam
1134 1313 1214 1378 hora
1228 1312 1410 1399 vespertina
1423 1314 1471 1377 ad-

342 1415 482 1479 venerat,
499 1423 573 1464 cum
595 1412 685 1484 pater
704 1399 857 1464 sollicitus
872 1400 914 1463 de
928 1399 995 1465 filio
1018 1401 1059 1465 ad
1082 1400 1249 1465 ecclesiam
1267 1401 1375 1481 rediit,
1392 1423 1471 1465 eum-

342 1511 405 1576 que
416 1488 628 1553 dormientem
639 1487 791 1572 repperit.
826 1487 890 1552 Sed
898 1487 1004 1552 subito
1016 1487 1169 1574 evigilans
1181 1491 1279 1574 coepit
1293 1489 1468 1575 pallescere,

344 1594 489 1655 tremere,
507 1575 600 1640 etita
622 1574 715 1640 anxie
729 1575 819 1653 flere,
836 1598 873 1640 ae
896 1575 922 1638 si
944 1575 1135 1660 gravissimis
1158 1591 1326 1661 urgeretur
1340 1575 1471 1642 verberi·

293 1685 299 1698 ·
341 1665 413 1728 bus.
462 1663 527 1738 Qui
538 1686 616 1728 vero
631 1663 788 1741 astabant,
805 1677 954 1749 putantes
970 1663 1003 1728 id
1017 1664 1088 1728 fieri
1102 1686 1161 1750 pro
1175 1665 1346 1749 praesentid
1367 1663 1468 1751 patris,

342 1752 499 1836 rogabant
513 1751 602 1816 illurn
621 1773 792 1836 parumper
807 1751 967 1816 secedere.
1016 1752 1082 1817 Sed
1096 1775 1170 1816 eum
1185 1775 1244 1817 nec
1260 1752 1304 1816 sic
1319 1751 1338 1816 a
1351 1753 1470 1818 fletibus

341 1840 520 1928 quiesceret
549 1861 638 1924 puer,
669 1838 799 1926 quidam
828 1862 871 1903 ex
900 1839 1048 1904 fratribus
1074 1839 1223 1904 visitandi
1251 1839 1340 1905 illum·
1378 1840 1472 1926 gratil

341 1929 472 1994 adeunt.
521 1926 668 2001 Quorum
694 1949 774 1990 unus
805 1949 872 2012 prae
898 1927 1022 1991 caeteris
1049 1927 1266 1992 misericordia
1291 1942 1409 2007 motus,
1434 1927 1472 1990 illi

342 2017 506 2094 accedere,
524 2029 557 2080 et
572 2014 602 2079 ei
620 2037 716 2100 poma
731 2037 803 2101 quae
826 2037 893 2100 prae
907 2013 1051 2080 manibus
1066 2015 1205 2080 habebat
1220 2016 1297 2081 dare
1313 2015 1472 2101 disposuit.

347 2106 412 2170 Sed
427 2103 607 2169 intimatum
622 2117 672 2166 est
686 2101 730 2166 illi
745 2125 785 2168 ne
801 2102 834 2166 id
853 2103 983 2181 faceret,
1001 2127 1041 2168 εο
1078 2103 1147 2170 uod
1158 2126 1238 2188 puer
1252 2103 1286 2167 in
1300 2104 1418 2188 agonia
1431 2126 1472 2168 es·

342 2193 403 2272 set',
420 2205 454 2257 et
476 2191 639 2278 proximus
654 2189 792 2256 sanitati.
839 2190 910 2255 Nec
925 2213 1024 2256 mora.
1056 2127 1219 2256 tllecdum
1242 2192 1333 2278 pueri
1350 2189 1474 2258 faciest

343 2280 478 2346 lacrimis
494 2280 640 2345 exiccata
657 2278 773 2357 fuerat,
791 2301 863 2342 cum
883 2280 1013 2364 repente
1031 2279 1064 2342 in
1082 2292 1253 2364 conspectu
1268 2279 1414 2344 omnium
1428 2278 1474 2379 qui

342 2369 554 2446 aderant,huc
566 2367 702 2452 illucque
714 2365 747 2430 in
757 2367 884 2432 offensis
894 2368 1051 2451 gressibus
1060 2367 1236 2432 discurrere
1248 2367 1474 2452 eoepit,puerrs-

342 2481 405 2544 que
420 2455 475 2543 qui
490 2455 634 2531 aderant,
648 2453 789 2518 ludendo
804 2477 838 2518 se
853 2454 989 2519 miscuit.
1037 2454 1130 2519 Tunc
1146 2455 1297 2540 temporis
1309 2457 1474 2541 praedictus

342 2544 438 2629 ipsius
454 2542 516 2607 loci
526 2541 613 2627 prior
631 2541 788 2620 Hervens,
800 2564 867 2626 prae
879 2541 1062 2608 infirmitate
1074 2543 1160 2608 lecto
1175 2542 1391 2608 detinebatur.
1418 2541 1475 2617 Qui
1523 2575 1524 2620 ,

343 2631 453 2696 audit&
462 2629 602 2716 novitate
618 2629 770 2708 miraculi,
787 2651 921 2716 puerum
937 2629 997 2694 sibi
1012 2630 1128 2695 adduci
1138 2630 1244 2716 jussit,
1257 2654 1352 2719 quem
1369 2653 1475 2696 sanum

342 2733 439 2807 atque
450 2718 641 2782 incolumem
653 2716 886 2794 videns,cibum
896 2732 930 2782 et
941 2730 1055 2803 potum
1066 2717 1112 2782 illi
1124 2719 1201 2783 dare
1213 2719 1379 2804 praecepit.
1400 2720 1475 2784 Gra·
1523 2763 1524 2766 κ

341 2808 465 2896 ,tiasque
477 2829 574 2896 agens
588 2806 671 2884 Deo,
685 2805 834 2874 fratribus
845 2805 939 2892 jussit
954 2807 998 2872 Te
1009 2809 1111 2873 Deum
1122 2810 1286 2872 laudamus
1297 2821 1438 2887 cantare,
1448 2819 1475 2871 et
1523 2807 1524 2810 ’

344 2917 513 2983 campanas
527 2894 663 2981 pulsare.

627 3155 727 3222 CAP.
742 3154 879 3220 XXXV
877 3157 980 3220 .-De
989 3158 1097 3238 puelld
1111 3160 1201 3221 caecd.

389 3336 548 3400 Intererat
559 3331 655 3398 etiam
666 3331 741 3396 huic
748 3330 899 3416 jocundae
908 3328 1112 3410 solemnitati,
1126 3331 1233 3416 puella
1242 3331 1394 3419 quaedam
1409 3333 1475 3398 Ma·
1523 3329 1524 3336 '

346 3423 432 3489 tildis
458 3421 596 3499 nomine,
625 3421 666 3484 de
694 3420 860 3497 Sleveleial,
886 3441 959 3505 qnae
985 3419 1025 3484 ab
1051 3419 1185 3484 iniantid
1205 3442 1292 3484 coeca
1320 3421 1478 3486 extiterat.

348 3514 440 3577 Hanc
456 3509 613 3576 mater-ad
624 3509 768 3574 tumbam
788 3507 897 3572 Sancti
914 3506 1067 3594 Martyris
1082 3507 1272 3586 adduxerat,
1287 3531 1424 3596 eamque
1440 3507 1478 3573 ibi

342 3600 488 3665 relictam
517 3598 559 3662 ad
587 3597 717 3660 domum
747 3595 907 3680 propriam
932 3595 1081 3660 redierat.
1129 3595 1230 3660 Erant
1259 3609 1368 3660 autem
1401 3595 1478 3661 oculi

345 3688 461 3773 puellae
477 3684 595 3770 turgidi
608 3699 641 3748 et
653 3684 805 3768 sanguine
820 3681 950 3766 aspersi,
967 3695 1000 3747 et
1015 3683 1095 3747 adeo
1109 3683 1271 3748 deformes
1286 3696 1322 3748 ut
1338 3683 1423 3749 sicut
1437 3684 1479 3769 ip·

343 3797 380 3839 sa
402 3796 469 3860 prae
495 3774 640 3837 caecitate
663 3769 823 3835 neminem
844 3769 953 3834 videre
974 3784 1112 3856 poterat,
1135 3771 1179 3834 sic
1205 3794 1276 3836 eam
1299 3794 1395 3836 nemo
1418 3794 1480 3858 pra
1523 3773 1524 3784 ¹

345 3862 549 3928 deformitate
565 3859 729 3924 oculorum
748 3905 1000 3924 ..................
1018 3859 1131 3937 amisit,
1154 3873 1188 3923 et
1207 3859 1317 3923 lumen
1340 3861 1480 3946 recepit,

344 3951 441 4038 idque
456 3949 576 4036 populo
587 3947 642 4035 qui
657 3947 768 4011 aderat
783 3947 867 4011 clarat
876 3968 955 4010 voce
967 3945 1128 4024 indicavit,
1142 3963 1238 4033 atque
1250 3947 1344 4011 certis
1360 3947 1480 4012 indiciis
1523 3965 1524 3982 ¹

345 4040 392 4104 rei
411 4038 579 4103 veritatem
601 4033 799 4121 approbavit.
840 4034 1015 4120 Postquam
1036 4047 1199 4120 receptam
1221 4035 1403 4115 sanitatem,
1429 4035 1481 4101 ali·

345 4126 469 4214 quantis
485 4125 597 4191 diebus
620 4124 652 4188 in
667 4122 754 4187 curib
768 4121 895 4201 mansit,
919 4123 1028 4187 sedule
1044 4145 1116 4210 quae
1147 4123 1206 4186 sibi
1238 4123 1481 4210 injungebantur
1523 4133 1524 4172 ³

344 4213 534 4279 ministrans.
581 4212 726 4278 Tandem
746 4224 818 4295 post
833 4210 956 4311 aliquos
971 4210 1038 4274 dies
1053 4224 1199 4288 matrem,
1216 4225 1417 4299 caeterosque
1432 4234 1483 4301 pa·

343 4317 449 4369 rentes
464 4301 554 4382 adiit,
572 4324 689 4389 eosque
704 4299 745 4364 de
761 4300 817 4365 sub
832 4313 968 4365 sanitate
983 4299 1075 4364 laetos
1091 4298 1240 4400 reddidit.
