3094 5292
357 1259 488 1334 vim
518 1259 716 1374 oswini
742 1260 921 1348 sams,
949 1203 1030 1338 aas

112 1642 230 1724 Incipit
246 1646 394 1726 prolapus
407 1649 442 1710 in
455 1650 551 1710 vitum
566 1645 764 1710 Sammami
776 1653 805 1708 ct
821 1641 1051 1706 Glorioriacimi
1069 1641 1168 1724 Rapis
1182 1643 1263 1706 Dei-

198 1750 303 1880 Ztmm
321 1731 452 1811 Oswini,
468 1743 498 1797 et
512 1734 659 1816 mornado
673 1733 728 1794 aab
743 1751 812 1812 rece
830 1730 920 1795 Oawi
933 1733 1084 1810 martyrio
1098 1738 1263 1793 coronatas
1285 1835 1287 1839 Ι

158 1988 373 2078 Antiquorum
394 1991 516 2056 incuria
531 1991 758 2055 modernorum
778 1985 977 2073 dssigentiam
993 1986 1024 2051 in
1040 1986 1148 2053 multis
1165 2009 1261 2054 cona·

13 2139 14 2144 ,
111 2075 195 2138 tibus
211 2081 299 2160 cogit
312 2079 463 2144 deficere.
512 2077 632 2142 Extitit
648 2100 785 2162 namque
805 2075 977 2162 antiquitas
993 2098 1079 2160 saepe
1095 2076 1262 2164 negligen-

109 2161 173 2224 tior
195 2163 318 2242 debito,
336 2165 369 2228 in
391 2166 567 2228 scribendis
590 2165 817 2250 memoriaeque
841 2162 1030 2226 mandandis
1054 2175 1259 2232 strenuorum

108 2248 251 2314 virorum
271 2251 369 2334 gestis
397 2251 637 2337 probabilibus;
665 2264 699 2314 et
721 2247 859 2312 maxime
883 2248 1021 2326 illorum,
1039 2271 1178 2347 qnorum
1194 2249 1260 2314 vita
1284 2265 1286 2270 '

111 2334 280 2402 Cristianae
299 2339 376 2402 fidei
392 2338 510 2402 virtute
527 2338 667 2422 vigebat,
685 2350 718 2400 et
734 2359 819 2399 mors
835 2334 976 2398 caritatis
993 2335 1167 2399 eminentia
1189 2337 1259 2420 pol·
1342 2387 1344 2392 ,

89 2421 206 2486 lebat.
255 2425 340 2490 Hinc
359 2440 408 2490 est
431 2425 519 2512 quod
535 2425 607 2488 visis
630 2423 788 2489 auditisve
816 2423 1006 2486 Sanctorum
1029 2423 1258 2488 nonnullorum

106 2508 278 2589 miraculis,
290 2535 403 2578 eorum
419 2511 580 2596 sanctitati
592 2511 831 2595 congaudemus
843 2535 851 2574 :
868 2509 909 2574 de
920 2533 1055 2595 quorum
1072 2521 1180 2596 tamen
1192 2511 1259 2576 vita

106 2595 182 2682 quia
196 2599 294 2663 nichil
309 2613 368 2678 est,
386 2600 437 2666 vel
457 2622 568 2685 parum
585 2599 738 2685 scriptum
754 2612 912 2675 tenemus,
930 2596 1008 2686 quid
1026 2597 1163 2682 posteris
1184 2621 1276 2684 pro-·

105 2683 249 2749 futurum
261 2687 414 2766 dicamuS,
428 2710 492 2751 non
508 2687 675 2752 habemus.
725 2685 851 2759 Quaerit
866 2682 948 2748 sorte
965 2684 1089 2770 aliquis,
1103 2707 1257 2770 quorsum

104 2769 166 2834 hoc
189 2773 405 2859 principium?
454 2774 525 2858 Ego
540 2773 583 2838 ad
605 2775 676 2837 haec
695 2771 885 2856 respondeo.
935 2771 1033 2854 Cogit
1051 2793 1103 2835 me
1126 2772 1256 2857 propria

103 2857 246 2938 devotio,
264 2860 362 2926 immo
377 2861 512 2925 fratrum
528 2859 711 2946 importuna
726 2859 758 2922 in
773 2858 918 2942 rogando
930 2857 1095 2941 compellit
1111 2859 1254 2938 vexatio,

103 2944 252 3032 quatinus
280 2948 389 3014 Sancti
415 2947 515 3033 Regis
531 2960 564 3012 et
590 2946 733 3011 Martiris
753 2945 874 3012 Oswini
890 2944 988 3008 vitam
1013 2944 1189 3008 martirium
1214 2969 1254 3010 ue

101 3031 223 3116 scripto
243 3036 461 3100 committam:
485 3035 543 3100 sed
565 3033 705 3120 propriae
728 3033 893 3098 devotioni
916 3031 1108 3110 satisfacere,
1126 2969 1212 3096 vell

103 3131 189 3184 trum
212 3121 337 3187 caritati
361 3124 505 3200 obedire,
530 3121 562 3185 in
585 3122 646 3188 hac
669 3143 704 3184 re
727 3144 792 3184 non
815 3119 1007 3208 permittor3
1030 3119 1105 3220 quia
1128 3120 1169 3184 de
1189 3121 1256 3185 vita

101 3221 247 3274 morteve
274 3212 354 3296 ejus,
376 3233 511 3298 quarnm
535 3221 670 3296 utraque
695 3209 727 3272 in
750 3223 924 3293 conspectu
949 3207 1084 3272 Dommi
1108 3208 1255 3292 preciosa

100 3294 223 3373 extitit,
237 3317 350 3381 parum
366 3298 397 3361 in
413 3311 559 3362 veterum
574 3295 740 3360 annalibus
755 3295 893 3380 reperio.
941 3293 1091 3381 Namque
1112 3295 1254 3360 Venera-

99 3379 172 3444 bilis
199 3383 291 3448 Beda
305 3384 339 3448 in
355 3385 536 3468 Anglorum
559 3383 702 3467 hystoria
717 3381 814 3446 vitam
834 3394 1035 3467 mortemque
1064 3381 1172 3446 Sancti
1190 3384 1253 3448 Os-

98 3467 173 3532 wini
188 3470 348 3536 succincte
363 3470 593 3556 perstringens,
610 3493 670 3534 nec
682 3468 781 3532 vitam
797 3471 864 3554 ejus
881 3480 917 3530 ut
932 3467 1074 3544 deceret,
1091 3491 1151 3531 nec
1167 3491 1253 3534 mor-

98 3568 166 3620 tem
196 3570 233 3620 ut
263 3570 439 3642 oporteret,
479 3555 673 3620 declaravit:
712 3568 880 3641 utramque
912 3567 1020 3617 tamen
1056 3555 1250 3620 innocentiae

96 3641 202 3730 gloria
217 3643 413 3722 decoratam,
430 3643 521 3708 brevi
539 3643 594 3706 sed
615 3643 784 3707 commodi
803 3642 927 3706 ratione
946 3641 1115 3707 intimavit.
1165 3643 1249 3718 Quae

98 3751 175 3794 vero
197 3730 266 3794 aliis
283 3731 334 3795 vel
349 3732 436 3796 dicta
451 3731 503 3796 vel
525 3730 643 3818 scripta
663 3743 737 3794 sunt
760 3731 800 3794 de
825 3743 914 3794 tanto
940 3729 1097 3815 Martyre,
1115 3732 1249 3796 credere

95 3816 228 3904 quidem
250 3818 477 3904 permittimus,
495 3818 551 3883 sed
574 3817 766 3883 auctoritate
783 3839 894 3882 eorum
910 3817 951 3881 ad
974 3817 1170 3882 credendum
1183 3841 1248 3884 non

94 3903 252 3992 cogimur.
301 3906 345 3970 Et
359 3907 429 3971 haec
442 3920 492 3972 est
507 3905 600 3984 ratic,
619 3929 718 3992 quare
734 3905 776 3969 ad
797 3905 926 3989 plenum
943 3905 1061 3991 exequi
1077 3903 1246 3989 impedior,

94 3994 182 4078 quod
196 4009 303 4058 tamen
315 4017 447 4081 quoquo
456 3993 554 4057 modo
566 3993 684 4079 exequi
696 4015 716 4056 a
727 3992 877 4056 fratribus
890 3989 1046 4076 oportune
1059 3992 1246 4075 rogantibus

93 4079 250 4164 impellor,
267 4081 373 4146 fateor
393 4081 511 4168 quippe
534 4080 816 4165 praesumptionem
841 4082 921 4156 esse',
939 4079 1026 4164 quod
1045 4078 1247 4146 Venerabilis

95 4167 189 4233 Beda
202 4169 316 4247 texuit,
330 4183 498 4244 retexere3
514 4168 651 4251 speciem
662 4190 790 4254 quoque
806 4164 971 4251 apocriphi
985 4165 1055 4230 sore
1066 4168 1244 4250 perpendo,

91 4255 181 4342 quod
214 4257 300 4341 apud
334 4256 458 4322 Bedam
483 4279 548 4320 non
570 4254 740 4332 invenitur,
765 4268 798 4318 et
822 4267 929 4317 tamen
952 4251 1069 4336 passim
1103 4254 1242 4334 auditur,

89 4342 181 4429 quasi
198 4343 333 4410 veritate
349 4343 520 4408 subnixum
535 4341 710 4408 narrationi
725 4339 895 4428 hystoricae
911 4339 1084 4406 innectere.
1133 4341 1239 4408 Int....

89 4453 171 4514 ergo
193 4432 331 4496 scribere
348 4449 381 4496 et
392 4454 458 4496 non
473 4453 618 4515 peccare,
632 4429 683 4493 vel
699 4427 807 4494 nescio
819 4428 871 4492 vel
887 4449 950 4490 non
964 4449 1116 4512 possum:
1133 4439 1240 4493 tamen

87 4517 178 4604 quod
201 4516 304 4582 minus
330 4518 543 4604 periculosum
567 4531 616 4584 est
638 4515 771 4604 eligens,
800 4515 900 4580 Bedoe
921 4513 1061 4599 vestigiis
1084 4513 1238 4595 inhaereo,

653 4627 673 4667 s

1206 3057 1256 3098 l'a·
1311 3092 1313 3096 .
