3132 5286
332 489 383 570 74
707 503 896 557 tresanus
923 505 974 555 ns
1002 503 1105 556 ouru

335 669 413 734 dum
436 667 638 756 disponebat.
684 669 768 732 Nam
793 668 890 730 solius
912 666 990 754 fuga
1012 667 1179 732 consilium
1203 668 1342 732 advertit
1368 664 1431 732 sibi
1457 683 1489 734 ct

333 779 436 844 puero
464 755 591 820 salubre.
614 757 682 820 fore
706 755 891 842 presidium.
943 757 1010 819 Sub
1033 769 1189 820 nocturno
1214 758 1310 839 igitur
1334 771 1487 842 tempore
1556 779 1557 784 ¹

333 843 431 928 coepit
452 843 562 926 fugam
578 845 729 930 arripere,
746 866 945 930 puerumque
961 867 1068 907 secum
1084 845 1175 919 tulit;
1192 845 1268 930 quia
1283 867 1342 930 pro
1359 867 1400 906 eo
1418 867 1488 908 am-

334 933 416 1016 plius
430 929 622 999 formidavit.
675 933 784 1006 Quare
802 946 957 995 nocturna
973 929 1089 996 viatrix
1102 946 1214 1016 portus
1230 932 1324 994 maris
1337 931 1487 994 clanculo

333 1019 422 1096 adiit,
440 1020 524 1083 etad
542 1033 663 1103 portus,
681 1043 760 1105 quos
777 1033 1024 1103 praeoptaverat,
1042 1042 1192 1084 unacum
1208 1042 1310 1103 puero
1326 1021 1487 1104 pervenit.

334 1107 466 1183 Verum,
491 1109 566 1194 quia
589 1107 794 1194 diligentibus
823 1107 1000 1170 Dominum
1030 1107 1194 1171 Christum
1221 1107 1328 1171 omnia
1348 1130 1488 1192 cooper-

334 1209 428 1258 antur
452 1193 485 1256 in
511 1195 641 1270 bonum,
668 1218 739 1257 curn
765 1195 806 1257 ad
835 1195 909 1258 litus
935 1197 1028 1258 maris
1050 1195 1285 1281 contingerent,
1304 1197 1379 1259 Deo
1395 1195 1487 1258 ordi-

333 1294 440 1356 nante,
459 1281 613 1365 proveuit,
631 1295 665 1344 ut
677 1305 743 1345 suae
755 1281 924 1348 intentioni
937 1297 1053 1346 cuncta
1062 1284 1273 1365 congruentia
1284 1282 1315 1346 in
1328 1297 1486 1366 promptu

333 1383 515 1455 praeparata
539 1369 727 1452 reperirent.
786 1369 884 1431 Navis
910 1371 1036 1455 quidem
1066 1370 1264 1434 Britanniam
1292 1370 1420 1433 aditura
1452 1370 1486 1432 in

331 1457 479 1543 portibus
495 1455 595 1532 affuit,
613 1457 770 1542 flatusque
787 1471 955 1520 ventorum
972 1457 1032 1520 illis
1048 1457 1207 1521 secundus
1220 1456 1332 1522 arrisit.
1375 1457 1485 1534 Quam

332 1565 423 1628 puer,
449 1557 549 1606 matre
574 1546 757 1619 comitante,
782 1567 854 1608 cum
879 1545 1076 1622 ascenderet,
1101 1546 1236 1632 contigit
1251 1561 1286 1609 ut
1302 1545 1485 1630 improvide

331 1631 413 1696 liber
438 1629 648 1710 Psalmorum,
672 1655 714 1696 ex
731 1631 874 1695 manibus
891 1633 960 1716 ejus
976 1632 1112 1716 elapsus,
1130 1629 1162 1694 in
1179 1633 1314 1720 gurgitis
1330 1631 1487 1697 inferiora

333 1719 497 1783 decideret
508 1743 516 1795 ;
542 1719 627 1783 unde
650 1720 780 1804 grandis
803 1720 863 1782 fuit
880 1719 1033 1784 mentium
1050 1721 1277 1797 consternati0‚
1295 1733 1359 1784 tam
1377 1743 1484 1806 puero

333 1829 429 1894 quam
460 1806 625 1898 genetrici.
685 1807 895 1871 Haerentibus
922 1807 982 1870 illis
1013 1807 1069 1871 diu
1096 1820 1128 1872 et
1158 1808 1370 1894 stupentibus
1403 1831 1484 1873 ecce

331 1894 451 1958 vitulus
475 1893 612 1956 marinus
629 1894 669 1957 de
684 1895 817 1958 occultis
834 1895 964 1959 marinis
981 1897 1137 1958 meatibus
1153 1897 1268 1981 erupit,
1285 1895 1482 1983 librumque,

331 1981 452 2046 cunctis
479 1981 672 2059 videntibus,
701 2004 796 2068 super
823 1985 923 2047 undas
949 2005 1028 2068 vage
1052 1982 1231 2047 fluitantem
1254 1985 1356 2048 bucca
1370 1981 1484 2050 hiante

331 2069 470 2155 suscepit
497 2083 530 2133 et
555 2071 732 2135 absorbuit.
785 2071 1029 2157 Confestimque
1057 2071 1170 2156 praedo
1196 2092 1332 2134 vesanus
1358 2073 1484 2157 patrias

330 2159 472 2246 relapsus
500 2157 531 2221 in
560 2159 662 2221 undas
689 2155 818 2222 omnem
839 2182 929 2246 spem
957 2157 1138 2245 requirendi
1164 2157 1279 2222 librum
1303 2161 1481 2244 praescidit.

332 2246 395 2310 Sed
414 2246 477 2310 Dei
495 2245 601 2326 virtue,
620 2247 675 2334 qui
714 2245 883 2332 rophetam
899 2250 930 2310 in
948 2260 1056 2310 ventre
1072 2246 1134 2310 ceti
1150 2249 1273 2310 voracis
1287 2249 1481 2326 observavit,

329 2333 452 2397 illesum
477 2335 570 2420 pueri
595 2336 644 2396 sui
667 2269 782 2396 librum
810 2336 851 2398 ab
879 2335 966 2399 omni
993 2333 1124 2397 laesione
1148 2334 1231 2399 infra
1254 2334 1347 2422 piscis
1372 2338 1481 2401 fauces

327 2421 500 2486 custodivit
511 2420 702 2484 omnimodis
712 2421 880 2489 illibatum.
925 2421 995 2486 Nec
1007 2435 1114 2486 tamen
1125 2444 1201 2485 mox
1213 2423 1330 2487 librum
1343 2425 1479 2512 recepit,

329 2509 384 2572 sed
397 2507 498 2596 magis
515 2510 593 2573 mari
609 2507 754 2586 transito,
773 2511 853 2574 sicut
869 2511 900 2574 in
917 2509 1051 2596 posteris
1067 2508 1277 2577 intimabitur.

788 2821 905 2900 [CAP.
924 2819 1018 2899 XV.]

374 3044 532 3120 Quaedam
560 3067 644 3108 nunc
667 3045 903 3131 interponenda
926 3058 1010 3119 sunt,
1034 3066 1106 3131 quae
1128 3043 1336 3110 inveniuntur
1352 3049 1385 3110 iu
1401 3047 1477 3138 hys·

323 3131 406 3198 toria
431 3131 698 3216 Hybernentinm,
715 3156 788 3222 quae
804 3154 868 3195 non
884 3145 958 3196 suut
968 3131 1165 3206 omittendat
1188 3136 1332 3218 quamvis
1346 3134 1478 3200 videan-

323 3234 376 3285 tur
402 3243 472 3284 esse
503 3219 711 3284 incredibilia.
760 3221 837 3284 Erat
865 3218 911 3282 vir
937 3219 1067 3306 quidam
1094 3243 1228 3307 magnus
1256 3222 1339 3286 inter
1362 3245 1476 3288 omnes

326 3309 566 3396 Hybernenses,
605 3307 656 3371 cui
693 3330 763 3392 prae
794 3306 984 3371 multimoda
1014 3330 1080 3370 suae
1111 3308 1288 3372 sanctitatis
1319 3310 1475 3393 opinione

324 3396 494 3461 nobiliores
522 3395 639 3482 quique
661 3395 775 3480 patriae
798 3393 860 3458 Dei
887 3395 1022 3459 servicio
1045 3396 1128 3458 filios
1152 3417 1224 3458 suos
1251 3397 1474 3463 informandos

323 3483 605 3548 contradiderunt:
645 3497 679 3548 et
701 3483 775 3569 quia
800 3496 873 3550 ortu
897 3482 993 3556 simul
1017 3495 1049 3546 et
1078 3498 1156 3546 natu
1182 3482 1266 3547 inter
1290 3507 1346 3548 eos
1369 3485 1474 3550 clarus

323 3572 498 3646 effulserat,
526 3571 640 3655 majori
661 3573 870 3634 veneracione
895 3584 927 3634 et
954 3570 1049 3634 laude
1077 3570 1266 3635 excellebat.
1319 3572 1387 3637 Hic
1413 3597 1474 3638 sex

346 3682 440 3724 ueros
461 3680 534 3721 cum
558 3659 648 3722 aunis
671 3657 859 3745 quibusdam
880 3658 1057 3734 educasset,
1075 3672 1107 3721 et
1123 3657 1244 3722 caelesti
1263 3659 1385 3746 Spiritu
1401 3661 1473 3726 illos

322 3683 445 3811 lervere
469 3745 609 3822 vidisset,
634 3747 878 3832 supramodum
894 3743 925 3806 in
938 3743 1064 3807 illorum
1081 3744 1310 3810 informacione
1322 3760 1355 3810 et
1371 3747 1473 3814 dilec-

322 3835 409 3900 tione
436 3832 533 3898 animi
558 3831 606 3898 sui
630 3833 834 3899 dulcedinem
859 3830 1016 3901 accendit.
1066 3831 1306 3898 Decedentibus
1330 3835 1471 3924 denique

321 3932 496 4010 puerorum
522 3923 677 4008 patribus,
705 3922 759 4008 qui
784 3918 1012 4003 consanguinei
1039 3920 1183 4006 ipsorum
1208 3924 1398 4002 extiterant,
1428 3927 1472 3990 ad

319 4009 586 4097 patrimoniorum
602 4031 734 4074 suorum
744 4009 821 4092 jura
835 4007 905 4070 illos
921 4008 1128 4094 percipienda
1143 4008 1295 4074 continue
1307 4025 1341 4074 et
1352 4011 1471 4097 saepius

320 4097 578 4188 compellebant.
617 4097 659 4162 Et
675 4097 757 4160 adeo
773 4094 977 4159 vehementia
992 4096 1118 4160 illorum
1135 4096 1245 4174 crevit,
1263 4101 1352 4188 quod
1367 4121 1471 4186 quan-

318 4187 425 4278 doque
450 4187 607 4251 violenter
628 4185 669 4248 de
699 4205 794 4247 manu
820 4182 961 4266 religiosi
987 4205 1106 4269 pueros
1129 4205 1252 4269 rapere,
1270 4185 1351 4250 etin
1367 4209 1470 4272 regno

317 4290 445 4361 patrum
458 4276 627 4338 restituere
640 4270 792 4339 decrevit.
829 4271 918 4334 Huic
930 4271 999 4334 viro
1011 4271 1190 4357 episcopus,
1203 4272 1343 4337 nutritor
1357 4275 1470 4342 Sancti

318 4361 500 4438 Cuthberti,
512 4359 694 4436 moriturus
708 4381 845 4444 puerum
860 4359 1075 4424 Cuthbertum
1092 4359 1305 4438 commiserat,
1322 4385 1420 4450 quem
1437 4379 1470 4430 ct

316 4447 499 4537 aliquandiu
527 4445 562 4512 'in
591 4445 640 4514 sul
669 4448 818 4513 custodia
847 4446 1048 4511 venerandus
1081 4467 1182 4512 senex
1209 4467 1466 4518 comervaverot.
