3132 5286
474 567 612 619 sancet
638 567 877 620 cerussam.
1195 559 1244 638 75

94 733 206 798 Senex
223 731 320 820 igitur
331 753 397 794 una
411 751 483 794 cum
498 731 601 818 puerls
616 731 724 815 sugam
738 731 819 807 iniit,
836 731 944 818 sicque
959 756 1076 818 pueros
1092 735 1242 802 celandos

92 819 242 896 credidit,
261 844 294 882 se
305 817 363 905 [si]
379 818 464 904 ipsos
481 819 511 882 in
526 820 733 897 Britanniam,
749 843 915 906 quousque
932 821 1056 886 saevitia
1071 839 1239 910 parentum

92 906 304 984 obdormiret,
337 906 508 970 transferre
535 906 702 991 potuisset.
763 907 900 970 Veniens
931 899 1039 992 igitur⁸
1058 911 1097 994 ad
1129 931 1240 1012 portus

92 998 192 1058 maris
216 1018 286 1059 cum
311 994 425 1078 pueris,
445 1018 507 1057 non
528 995 593 1057 sine
610 995 821 1058 admiratione
838 995 979 1058 maxima
995 1020 1091 1081 supcr
1107 995 1238 1063 occursu

93 1082 235 1146 mulieris
256 1083 509 1166 gratulabundus
526 1085 665 1166 expavit.
712 1082 833 1146 Videns
850 1083 895 1146 rei
908 1097 1099 1166 proventum
1117 1109 1157 1150 ex
1176 1087 1238 1152 Dei

91 1170 308 1254 disposicione
324 1172 403 1244 fieri,
419 1185 551 1233 matrem
569 1193 631 1232 nna
648 1193 718 1232 cum
737 1170 804 1232 lilio
821 1169 1003 1252 diligentius
1017 1173 1219 1255 amplexatur
1229 1200 1238 1251 ;

91 1273 125 1320 et
145 1274 259 1321 cuncta
275 1258 318 1320 eis
335 1260 512 1320 necessaria
527 1258 727 1323 abundanter
741 1257 911 1322 ministrari
927 1258 1013 1322 fecit.
1061 1263 1145 1324 Sene
1161 1285 1239 1345 ergo

91 1368 165 1407 cum
190 1345 296 1430 pueris
321 1346 384 1406 suis
409 1370 427 1407 a
452 1345 605 1407 nauclero
631 1347 703 1407 navi
721 1345 915 1420 introducto,
934 1369 1028 1430 quam
1046 1347 1138 1411 citius
1153 1372 1238 1412 sere·

90 1433 192 1494 nioris
216 1433 348 1495 lenitate
372 1447 404 1494 et
428 1433 589 1495 arridente
614 1448 780 1516 ventorum
793 1433 1005 1516 jocunditate,
1028 1435 1101 1498 mali
1119 1436 1237 1500 machi·

90 1543 149 1582 nas
165 1520 269 1583 erexit
285 1535 318 1583 et
334 1520 404 1582 vela
419 1520 560 1604 desuper
576 1519 749 1604 pendentia
762 1535 928 1586 ventorum
943 1522 1056 1606 gratier
1069 1523 1238 1588 commisit.

93 1607 161 1680 Qui
190 1608 347 1670 sulcantes
371 1629 501 1692 aequora
524 1606 734 1690 pacatissima,
752 1607 827 1668 dum
845 1605 949 1670 niiuus
965 1607 1072 1688 aliqua
1088 1610 1237 1697 ingruere

89 1697 228 1758 adversa
250 1695 429 1766 crederent,
448 1695 596 1758 volvente
613 1707 685 1757 rota
700 1695 849 1770 fortunae,
867 1694 961 1758 celeri
981 1696 1163 1759 mutationis
1180 1698 1237 1766 irn-

88 1797 169 1867 petu
195 1783 302 1845 subito
327 1781 487 1866 provenit,
513 1795 549 1845 ut
572 1782 725 1844 adversus
747 1781 934 1864 navigantes
958 1798 1055 1846 aestus
1072 1783 1235 1848 turbinum

89 1871 186 1934 nimis
210 1871 410 1954 importunus
427 1871 614 1956 insurgeret.
666 1870 781 1954 Sicquc
797 1869 910 1932 diebus
926 1869 1047 1954 aliquot
1065 1884 1237 1956 tempestas

88 1960 231 2021 motibus
259 1957 496 2043 inquietissimis
523 1955 633 2042 viguit,
663 1957 729 2032 sed,
757 1957 926 2021 ordinante
954 1969 1033 2023 nutu
1060 1960 1235 2038 Creatoris,

89 2069 155 2109 non
172 2046 299 2108 modico
315 2046 423 2129 elapso
439 2059 584 2130 tempore
600 2043 794 2129 conquievit.

528 2353 647 2432 [cnr.
679 2354 789 2436 xri]

136 2582 268 2644 interea
284 2579 362 2642 visio
387 2578 539 2643 mirabilis
555 2601 655 2664 puero
672 2597 800 2643 ostensa
815 2591 874 2657 est,
891 2580 947 2643 sed
964 2579 1030 2642 sive
1054 2580 1085 2642 in
1102 2603 1237 2664 corpore

87 2668 156 2732 sive
173 2681 266 2732 extra
289 2681 382 2744 esset,
407 2666 583 2752 ignoratur.
632 2666 813 2730 Videbatur
827 2667 935 2753 itaque
950 2668 979 2730 ei
995 2669 1081 2752 quod
1098 2670 1239 2733 anchora

88 2779 204 2820 eorum
220 2779 319 2842 usque
337 2756 378 2818 ad
402 2755 496 2819 maris
519 2777 594 2840 yma
610 2755 828 2830 descenderet,
847 2769 880 2817 et
899 2776 975 2818 ecce
991 2754 1103 2817 mirum
1120 2756 1153 2818 in
1169 2778 1238 2819 mo·

88 2847 167 2908 dum
192 2844 273 2907 vidit
297 2843 467 2908 anchoram
492 2843 582 2929 quasi
604 2842 768 2928 cujusdam
793 2841 930 2906 domatis
954 2840 1050 2927 tignis
1073 2854 1106 2905 et
1122 2844 1238 2926 tegulis

87 2933 214 2996 firmius
237 2932 404 2996 inhaerere.
452 2932 497 2994 At
521 2953 601 3014 puer
625 2929 775 2993 incredus
803 2931 880 3006 [lta]
905 2929 945 2991 de
970 2926 1042 3000 navi
1065 2930 1125 2993 sub
1150 2931 1240 2994 festi-

87 3019 221 3084 natione
246 3019 454 3096 descendens,
479 3018 632 3082 anchoras
655 3039 721 3079 suae
745 3017 896 3100 ligaturas
914 3029 1048 3080 conatur
1060 3017 1238 3096 absolvere,

86 3121 122 3172 et
137 3109 254 3171 domus
277 3109 378 3172 instar
400 3105 581 3190 apparentis
604 3104 766 3172 divellere.
816 3105 867 3167 Ad
890 3125 985 3195 quem
1002 3103 1091 3189 quasi
1106 3105 1240 3172 colonus

87 3195 215 3260 excitus
241 3196 300 3259 sub
324 3194 421 3258 celeri
456 3194 639 3257 maturitate
664 3191 877 3276 progreditur,
914 3204 946 3254 et
968 3194 1039 3276 quis
1063 3192 1240 3259 habitaculi

87 3283 138 3347 sui
162 3282 266 3364 spolia
288 3283 441 3368 diriperet
471 3281 562 3366 quasi
589 3280 765 3345 indolendo
793 3278 1022 3365 conquaeritur.
1083 3279 1239 3367 Forisque

87 3371 254 3456 prodiens,
269 3385 302 3434 et
317 3371 494 3434 comminus
519 3390 652 3452 puerum
676 3380 842 3438 contuens,
859 3366 964 3429 statim
990 3365 1021 3427 in
1038 3366 1148 3431 oscula
1162 3368 1237 3446 ruit,

87 3475 122 3523 et
138 3481 180 3521 ex
196 3457 307 3546 lingua
321 3479 421 3543 puero
436 3457 557 3539 agnito,
582 3452 711 3518 nomine
726 3453 859 3540 proprio
880 3450 926 3515 illi
941 3453 1058 3516 salutes
1075 3457 1238 3520 aeternita-

88 3547 129 3610 tis
154 3545 329 3630 adoptavit.
378 3555 400 3591 ‘t
418 3544 525 3608 Bene”
550 3545 678 3627 inquam
708 3542 833 3617 “berie,
865 3563 948 3624 puer
972 3539 1034 3625 pie,
1056 3541 1236 3623 adveneris,

86 3636 145 3721 qui
169 3635 382 3718 supernorum
414 3631 528 3695 civium
554 3649 696 3706 consors,
719 3630 795 3693 Deo
816 3628 1065 3712 praeordinante,
1083 3633 1237 3698 consistis.

89 3723 159 3785 Diu
176 3723 261 3784 enim
278 3733 383 3784 estex
399 3742 463 3805 qno
480 3719 525 3782 tui
550 3719 703 3781 adventus
731 3740 827 3781 causa
850 3714 926 3778 mihi
942 3716 1090 3788 innotuit,
1109 3720 1236 3784 etmihi

86 3825 120 3875 tc
138 3811 169 3870 in
186 3808 245 3870 hiis
258 3809 402 3894 partibus
419 3806 558 3870 visurum
581 3806 685 3892 gratia
700 3805 809 3868 divina
825 3804 981 3888 promisit.
1029 3804 1097 3868 Nec
1113 3806 1155 3869 de
1172 3820 1237 3873 tam

85 3897 209 3960 insoliti
226 3911 359 3961 eventus
383 3917 478 3958 causa
493 3894 558 3978 jam
576 3909 711 3969 metuas,
737 3917 775 3957 eo
802 3890 891 3978 quod
918 3913 1075 3975 corporeo
1091 3898 1235 3960 contuitu

85 3984 189 4049 modo
213 3986 350 4068 inspicis,
373 3983 492 4047 futurae
517 3977 590 4044 vitae
615 3995 680 4044 tuae
705 3981 855 4066 exempla
871 3979 1075 4064 praefigurata
1099 4002 1234 4066 cognos.

85 4073 174 4138 cas.''
221 4072 498 4158 Apprehensaque
522 4090 618 4131 manu
645 4068 734 4151 pueri
758 4069 849 4155 quasi
872 4067 932 4130 snb
951 4065 1080 4128 domate
1105 4088 1178 4130 cum
1195 4094 1235 4135 eo

84 4159 197 4237 subiit,
215 4173 247 4224 et
262 4159 324 4225 tria
339 4159 467 4222 vascula
481 4153 663 4220 admirandi
677 4159 784 4240 operis
796 4155 888 4241 pueri
903 4152 1050 4216 manibus
1062 4156 1236 4246 consigna.

83 4250 144 4326 vit,
170 4269 243 4334 quae
266 4247 401 4312 baccilia
416 4247 512 4308 heros
528 4243 580 4306 ille
592 4242 780 4311 nominavit.
828 4241 890 4308 Cui
905 4239 1100 4325 subjungens
1114 4240 1234 4322 intulit.

84 4347 108 4382 ‘⁶
125 4336 207 4424 Eya,
233 4335 276 4400 mi
298 4348 383 4411 nate,
407 4333 468 4396 hoc
485 4355 538 4395 vas
563 4330 620 4394 tibi
643 4330 781 4395 debetur
803 4331 834 4392 in
850 4326 1024 4412 proprium,
1044 4328 1162 4401 etduo
1184 4359 1236 4404 ra.

83 4426 175 4513 liqua
199 4441 257 4490 tuo
280 4423 396 4489 cedent
419 4421 594 4504 magistr03
620 4418 691 4482 vide
714 4441 755 4482 ne
770 4433 860 4482 tuum
877 4440 898 4481 a
913 4413 1132 4484 tedimittas.'’
1164 4425 1235 4490 Do-

83 4535 175 4579 mum
200 4533 280 4599 ergo
302 4511 424 4586 exiens,
449 4525 527 4572 mox
549 4504 723 4574 anchoram
745 4503 895 4584 absolsit,
922 4523 1126 4604 puerumque
1153 4509 1236 4578 tv»,
