3132 5286
300 441 373 520 106
745 465 839 520 rura
866 465 1005 520 aaron

434 629 498 694 cui
513 641 610 716 caput
624 642 722 718 atque
739 632 820 696 latua
836 632 946 716 magni
959 631 1089 696 fuerant
1103 630 1274 706 cruciatum.

432 717 542 796 Hanc,
559 731 595 782 ut
609 719 767 784 inunxisti
782 732 909 785 sacrato
921 720 1069 785 crismate
1086 719 1210 785 Christi

431 802 564 870 Viribus
579 807 706 892 integra
720 808 769 886 fit,
787 830 860 894 quae
876 807 1038 874 deleuerat
1054 829 1144 897 agra.

391 1133 508 1216 [CAP.
533 1132 803 1222 XXX.]-de
819 1155 880 1218 per
896 1155 1012 1217 mm
1025 1136 1066 1202 ab
1079 1156 1115 1204 eo
1127 1137 1255 1208 Mam
1276 1140 1371 1222 iufir-

741 1228 1015 1290 mmitourmm.
1242 1251 1244 1256 ·

435 1446 497 1514 Vir
512 1445 629 1508 morbo
643 1445 748 1524 laesus,
765 1445 933 1534 multoque
949 1444 1062 1510 dolore
1077 1466 1225 1534 peresus,

439 1533 561 1598 Tabuit
575 1534 609 1596 iu
624 1532 734 1611 letum,
751 1555 803 1596 res
818 1533 956 1596 advocat
970 1533 1069 1597 anxia
1083 1546 1214 1615 ooetum,

418 1619 420 1624 ’
437 1623 567 1688 Coetum
583 1642 730 1684 carorum
747 1620 863 1710 quibus
879 1631 969 1684 extat
985 1643 1081 1684 causa
1096 1620 1261 1688 dolorum:

438 1710 523 1775 Cum
540 1708 647 1773 subito
663 1731 792 1793 panem,
809 1707 948 1771 sednon
963 1709 1091 1772 virtutis
1102 1709 1242 1790 inanem,

438 1799 570 1882 Quippe
585 1807 851 1872 sacrum'munua
869 1795 998 1859 illorum
1012 1795 1149 1880 protulit
1163 1821 1262 1862 unus:

439 1885 588 1962 Protulit,
606 1896 640 1946 et
654 1884 747 1961 dixit,
763 1884 850 1947 huuc
867 1883 1065 1947 Cuthbertus
1088 1885 1257 1952 benedixit
1266 1909 1276 1961 ;

435 1972 524 2036 Mira
538 1993 596 2054 per
612 1971 701 2034 hunc
716 1972 813 2034 credo
828 1971 927 2034 virtus
942 1971 1070 2055 parebit
1083 1972 1118 2033 in
1133 1995 1234 2059 aegro.

430 2059 523 2136 Mox
537 2058 689 2124 miscetur
704 2059 793 2145 aquis
808 2058 970 2124 benedicti
984 2059 1093 2144 portio
1107 2061 1222 2144 pania3

437 2146 525 2210 Hinc
541 2168 631 2230 aegro
645 2146 757 2210 bibere
773 2158 942 2232 postquam
958 2145 1122 2209 credendo
1137 2145 1257 2212 dedere

433 2237 541 2301 Gustu
557 2234 702 2318 pauxillo
717 2234 873 2318 languore
888 2245 1027 2298 novatur
1041 2234 1083 2297 ab
1098 2232 1172 2297 illo:

435 2323 547 2410 Surgit
562 2335 596 2386 et
610 2321 744 2399 incedit,
762 2339 796 2385 et
811 2321 852 2386 de
867 2343 901 2385 se
916 2322 972 2386 rix
987 2321 1049 2386 sibi
1062 2319 1187 2398 oradit3

434 2411 577 2475 Tantum
593 2412 730 2474 miratur
745 2409 833 2498 quod
849 2421 914 2476 tam
931 2408 1039 2474 subito
1053 2421 1240 2478 renovatur.

390 2739 507 2828 [err.
535 2717 826 2817 rumpam
837 2735 984 2816 avem·
1002 2733 1077 2798 uuo
1102 2735 1148 2802 aa
1171 2753 1204 2800 a
1227 2733 1366 2804 omum

643 2827 719 2904 duta
732 2825 934 2890 mediatione
944 2824 1111 2890 sanaverit„

432 3041 581 3126 Cumque
596 3040 650 3123 pia
665 3061 744 3102 cura
757 3058 815 3122 per
836 3035 1013 3121 pastoralia
1023 3037 1100 3121 jura
1127 3035 1138 3096 .’

432 3126 541 3191 Plebis
557 3126 736 3190 commissae
751 3124 824 3187 loca
839 3123 965 3197 lustras,
980 3123 1119 3208 pervigil
1134 3125 1214 3210 ipse,

432 3211 518 3278 Eece
533 3213 593 3278 ribi
608 3218 701 3288 latus,
718 3211 803 3276 lecto
817 3211 933 3275 misere
948 3212 1122 3289 cruciatus,

431 3302 536 3387 AEger
548 3302 639 3366 adest
654 3323 747 3378 unus,
764 3321 866 3385 prope
883 3298 953 3362 solo
968 3320 1104 3385 corpore
1119 3297 1216 3362 funus

436 3390 523 3454 Nam
539 3411 641 3474 prope
652 3387 840 3474 compulsus
856 3385 963 3451 suerat
981 3385 1022 3450 de
1044 3387 1120 3452 sede
1140 3386 1287 3450 revulsus

433 3478 583 3563 Spiritus3
608 3488 641 3540 et
657 3497 802 3539 macrum
812 3474 917 3562 jacuit
932 3475 1027 3538 miser
1042 3473 1096 3540 hic
1109 3473 1340 3538 simulacrum:

431 3564 496 3643 Tu,
514 3565 669 3628 miserans
684 3564 788 3640 illum,
805 3561 943 3647 supplex
958 3561 1093 3640 orando,
1109 3560 1262 3648 pusillum

432 3652 485 3715 Ex
501 3654 619 3716 virtute
634 3651 739 3714 crucis
754 3649 828 3713 vitae
843 3649 987 3714 sanando
1002 3648 1139 3714 reducia

434 3737 501 3812 Qui
515 3737 577 3804 fuit
592 3738 746 3803 advectus
762 3737 848 3803 redit
861 3737 929 3825 ipae
943 3736 1045 3803 salute
1060 3735 1211 3801 refectus.
